2914 4980
744 310 900 366 ..54-

249 487 459 577 Ἀπόλλιυνος
507 500 558 562 καὶ
589 502 774 581 Ἀρτέμιδος
808 501 908 580 γονάς
947 501 1005 578 ἔπη
1038 521 1078 575 ,γ,
1113 491 1305 575 Ἀφροδίτης
1340 496 1387 559 καὶ

249 598 395 678 Ἔρωτος
422 599 535 678 φωνάς
565 603 630 677 [καὶ
653 599 782 688 λόγους]
806 603 865 680 ἔπη
888 623 927 680 a,
949 591 1085 679 Ἀθηνᾶς
1112 600 1177 678 ἔριν
1200 599 1251 662 καὶ
1275 597 1387 660 Ποσει·

250 707 356 779 δῶνος
379 701 437 778 ἔπη
461 723 507 778 ,α,
529 701 655 782 Λητοῦς
680 705 858 782 πλόκαμον.

350 807 527 880 Priusquam
550 809 590 864 ad
606 808 724 882 singula
740 810 944 866 examinanda
964 817 1125 876 transeam,
1143 805 1386 863 emendationum

250 909 384 964 rationes
407 909 550 966 reddam:
773 978 776 983 Ι

349 1003 380 1067 οἱ
403 1005 437 1066 δὲ
457 1002 581 1082 Ἕρμοῦ
602 1005 674 1087 (καὶ
689 1005 847 1084 Θαλείας)
869 1007 920 1070 καὶ
937 1005 976 1070 Θ.
993 1012 1118 1067 inseruit
1134 1009 1282 1066 Eckstein
1304 1005 1334 1078 (l.
1350 1001 1386 1076 c.)

250 1119 333 1166 recte
354 1110 419 1166 sine
443 1110 537 1166 dubio
561 1104 632 1182 (nec
654 1119 758 1168 tamen
784 1115 945 1188 quisquam
974 1130 1042 1170 eum
1064 1119 1188 1168 secutus
1211 1107 1289 1182 est);
1322 1123 1385 1164 nam

250 1212 274 1268 si
295 1219 387 1267 antea
409 1229 530 1286 semper
551 1212 644 1285 patris
666 1213 832 1287 matrisque
854 1215 978 1270 nomina
993 1214 1167 1280 afferuntur,
1191 1210 1249 1268 hoc
1269 1224 1385 1284 quoque

249 1313 317 1368 loco
344 1313 448 1370 matris
476 1331 588 1369 nomen
618 1313 838 1374 desideramus.
893 1314 941 1370 De
963 1313 1072 1370 Thalia
1095 1311 1275 1387 Palaephati
1297 1319 1386 1366 matre

250 1412 327 1469 infra
350 1411 446 1469 fusius
470 1413 691 1488 disputandum
714 1415 780 1474 erit.

348 1509 462 1584 γέγονε
478 1557 587 1573 ......
611 1512 692 1573 κατὰ
714 1511 914 1594 Φημονόην]
971 1515 1001 1573 Si
1024 1533 1092 1572 cum
1120 1515 1211 1574 codd.
1236 1513 1385 1570 scribimus

250 1609 328 1687 μετὰ
349 1609 386 1674 Φ.
403 1616 527 1672 omnino
551 1625 726 1672 accuratam
755 1618 864 1674 aetatis
886 1617 1138 1692 significationem
1156 1633 1219 1671 non
1234 1613 1386 1670 habemus

249 1713 307 1770 Vix
328 1722 430 1788 potest
453 1715 592 1790 dubitari,
624 1717 697 1790 quin
723 1716 784 1774 hoc
806 1735 929 1794 quoque
952 1718 1022 1775 loco
1044 1713 1123 1792 μετὰ
1146 1725 1178 1773 et
1200 1711 1282 1775 κατὰ
1304 1732 1385 1790 prae-

248 1815 418 1889 positiones
451 1824 655 1874 commutatae
687 1817 755 1886 sint,
789 1835 869 1892 quae
902 1819 985 1892 apud
1009 1817 1135 1876 Suidam
1162 1825 1225 1872 tam
1247 1833 1339 1891 saepe
1360 1815 1387 1869 in

249 1917 341 1977 codd.
365 1925 590 1974 commutantur
600 1913 633 1994 1).

344 2013 539 2092 Ἀφροδίτης
569 2016 621 2078 καὶ
648 2013 796 2096 Ἔρωτος
819 2017 934 2095 φωνὰς
962 2014 1031 2096 [καὶ
1061 2013 1216 2096 λόγουςί]
1263 2018 1387 2074 Tradita

249 2120 340 2176 verba
371 2128 453 2176 recte
486 2138 519 2176 se
545 2137 607 2176 non
642 2121 765 2190 habere,
803 2140 871 2178 cum
894 2117 1009 2197 φωνάς
1033 2122 1117 2178 idem
1139 2123 1178 2178 sit
1200 2138 1237 2176 ac
1259 2115 1386 2192 λόγους,

247 2221 428 2277 iamdudum
443 2231 603 2278 senserunt
620 2240 664 2280 vv.
681 2223 742 2294 dd.;
757 2213 934 2280 Gronovius
946 2223 1106 2298 proposuit
1115 2217 1263 2295 Ἔριυτος
1278 2213 1386 2292 γονάς,

248 2323 305 2378 sed
335 2322 431 2378 multo
465 2322 650 2379 verisimilius
683 2331 731 2378 est
762 2319 882 2398 λόγους
912 2341 975 2380 non
1001 2323 1058 2380 nisi
1083 2324 1385 2398 interpretamentum

248 2439 317 2479 esse
340 2439 357 2477 e
379 2423 515 2496 margine
537 2423 568 2479 in
592 2432 768 2480 contextum
793 2425 918 2485 illatum.

346 2524 445 2581 Huius
462 2521 639 2598 Palaephati
660 2542 782 2594 nomen,
805 2543 975 2600 personam,
999 2544 1093 2602 opera
1115 2527 1206 2600 plane
1229 2525 1300 2580 ficta
1323 2539 1386 2580 esse

246 2625 343 2700 primo
366 2625 468 2682 statim
490 2627 641 2700 adspectu
665 2627 872 2703 unusquisque
895 2629 1058 2704 intelleget.
1111 2626 1233 2683 Nomen
1255 2625 1385 2682 habeta

246 2733 353 2783 natura
369 2743 435 2794 sua,
456 2729 540 2800 quod
556 2728 594 2783 de
611 2728 701 2784 rebus
724 2729 933 2786 vetustissimis
956 2730 1073 2786 locutus
1097 2745 1165 2784 esse
1188 2736 1220 2783 et
1242 2725 1385 2800 antiquis·

248 2827 330 2884 simis
353 2828 544 2902 temporibus·
562 2829 670 2886 vixisse
694 2829 896 2906 dicebatu12).
929 2891 931 2898 ,

346 2929 454 2987 Paucis
477 2937 596 2986 tantum
618 2939 740 3004 praeter
754 2931 882 2988 Suidam
902 2932 977 2989 locis
993 2932 1060 2990 huis
1076 2931 1258 3008 Palaephati
1273 2927 1385 2986 mentio

247 3030 289 3104 fit,
324 3032 381 3087 sed
411 3049 490 3106 quae
514 3033 725 3106 comperimus,
750 3032 903 3090 sufficiunt
925 3036 966 3091 ad
988 3035 1154 3108 imaginem
1176 3035 1241 3090 eius
1265 3049 1387 3104 compo·

347 3218 373 3285 1)
393 3221 436 3270 cfr.
458 3237 478 3271 s.
489 3238 513 3272 v.
533 3219 645 3283 Δίκτυς,
664 3223 710 3270 ubi
728 3238 775 3286 pro
796 3219 855 3286 μεθ’
874 3221 1001 3288 Ὅμηρον
1023 3223 1181 3272 Gutschmid
1199 3221 1310 3272 correxit
1328 3221 1386 3272 καθ’

184 3323 186 3328 ·
246 3305 325 3370 “Ομ.;
346 3323 365 3358 s.
386 3325 409 3360 v.
430 3307 580 3370 Διονύσιος
600 3308 743 3373 Μιλήσιος,
773 3311 819 3359 ubi
849 3327 927 3361 nemo
956 3313 1006 3360 iam
1035 3312 1147 3375 dubitat,
1179 3312 1242 3376 quin
1263 3309 1299 3362 τὰ
1322 3309 1388 3372 μετὰ

248 3394 370 3460 Δαρεῖον
397 3397 424 3444 in
442 3396 477 3447 τὰ
497 3396 568 3448 κατὰ
588 3395 622 3447 Δ.
650 3397 835 3459 corrigendum
854 3399 902 3457 sit;
934 3416 955 3450 s.
976 3416 999 3450 v.
1021 3398 1166 3463 Ποτάμων
1183 3393 1387 3463 Ἀλεξανδρεὺς,

246 3485 292 3534 nbi
311 3501 358 3550 pro
384 3485 510 3548 γεγονὼς
530 3486 585 3550 πρὸ
614 3485 778 3549 Αὐγούστου
807 3489 852 3538 καί
880 3487 939 3552 μετ’
959 3488 1046 3540 αὐτόν
1071 3487 1172 3537 Rohde
1200 3487 1281 3552 (Mus.
1302 3487 1389 3535 Rhen.

245 3575 385 3626 XXXHI.
403 3590 446 3640 pg.
470 3574 521 3626 166
540 3575 598 3624 adn.
620 3575 647 3642 1)
676 3577 814 3642 proposuit
842 3578 902 3628 κατ’
925 3577 1020 3638 αὐτὸν,
1039 3593 1117 3642 quam
1137 3577 1289 3641 scripturam
1308 3574 1389 3622 Flach

247 3663 354 3728 recepit.

346 3751 372 3814 2)
391 3750 569 3818 παλαίφατος
587 3769 639 3801 vox
658 3755 727 3818 apud
746 3755 891 3804 Homemm
911 3755 1050 3818 significat:
1072 3771 1139 3818 quae
1157 3755 1208 3804 iam
1228 3752 1312 3802 multo
1331 3760 1388 3802 ante

247 3839 317 3888 dicta
325 3845 393 3898 sunt,
400 3839 644 3904 νείιιιπαλαίφατα
653 3840 971 3905 θέοφατα(οά.ΙΧ.507;
978 3843 1057 3892 XIII.
1067 3841 1137 3908 172),
1144 3857 1222 3906 quam
1232 3839 1389 3889 locutionem

246 3929 376 3977 Pindarus
396 3943 501 3992 quoque
522 3934 547 3976 et
568 3929 662 3990 tragici
682 3931 787 3996 saepius
801 3930 991 3990 adhibuerunt;
1012 3937 1147 3995 praeterea
1160 3929 1230 3994 apud
1243 3929 1389 3977 Homerum

248 4015 387 4078 significat:
408 4017 441 4064 de
461 4031 513 4080 quo
534 4021 606 4064 vetus
626 4024 665 4065 est
684 4017 765 4068 fama:
786 4019 837 4068 Od.
857 4019 937 4069 XIX.
962 4017 1013 4069 163
1032 4017 1132 4082 οὐγὰρ
1150 4015 1207 4068 ἀπὸ
1226 4015 1310 4080 δρυός
1330 4016 1389 4068 ἐστι

247 4103 426 4169 παλαιφάτου
457 4104 516 4156 οὐδ’
542 4104 597 4156 ἀπὸ
627 4105 732 4172 πέτρης
750 4109 846 4172 ίΕίγιιι.
874 4109 912 4158 M.
933 4124 953 4158 s.
973 4123 997 4156 v.
1018 4106 1101 4172 δρυὸς
1119 4105 1311 4172 παλαιφάτου·
1340 4110 1389 4168 τῆς

247 4193 278 4244 ἐκ
296 4195 424 4244 παλαιῶν
443 4193 555 4258 χρόνων
573 4193 787 4260 πεφημισμὲνης
806 4195 845 4258 ιίις
865 4195 1024 4261 ἀνθρώπων
1040 4197 1220 4260 γεννητικῆς
1248 4195 1334 4246 schol.
1358 4196 1388 4244 ad

247 4281 298 4332 Od.
318 4281 458 4334 XIX.163
476 4283 671 4348 παλαιφάτου·
693 4283 798 4336 παλαιά
817 4283 1012 4351 φατιζομένης,
1031 4285 1094 4350 περί
1113 4281 1146 4348 ἧς
1165 4282 1270 4336 παλαιὰ
1289 4284 1388 4346 μυθεύ-

247 4386 318 4432 εται;
349 4371 441 4420 Suidas
471 4389 491 4424 s.
520 4390 544 4424 v.
574 4371 658 4439 δρυὸς
680 4372 876 4438 παλαιφάτου·
905 4375 1026 4437 παλαιάς
1054 4373 1099 4425 καί
1119 4370 1246 4439 ἀρχαίας·
1272 4373 1338 4438 περί
1358 4371 1389 4438 ῆς

248 4460 358 4528 ἔφασαν
379 4460 496 4514 ἔκπαλαι
516 4459 640 4531 μύθους).
