2914 4980
562 666 676 742 caput
699 667 760 726 111.

183 853 240 911 His
263 854 409 911 absolutis
443 870 480 908 ex
504 851 682 925 Palaephati
716 869 856 912 sermone
890 873 959 912 cum
986 856 1114 914 aliorum
1136 858 1231 934 scrip·

84 967 185 1014 torum
208 973 349 1013 sermone
371 954 494 1028 collato,
527 971 588 1029 quo
623 962 760 1028 tempore
793 955 911 1014 libellus
939 957 980 1014 de
1001 959 1230 1019 incredibilibus

83 1057 274 1132 conscriptus
295 1058 343 1124 sit,
366 1056 528 1114 enucleare
544 1054 689 1114 conabor.
722 1057 805 1114 Ante
826 1075 917 1131 quem
934 1061 1094 1118 terminum
1110 1061 1228 1120 libellus

83 1167 168 1216 ortus
190 1175 260 1215 esse
282 1158 404 1226 debeat,
436 1175 475 1218 ex
498 1157 686 1230 temporibus
716 1175 822 1214 eorum
844 1160 1036 1236 scriptorum,
1060 1165 1112 1238 qui
1136 1181 1228 1239 opus-

83 1261 142 1318 culi
165 1259 363 1332 Palaephatei
395 1257 585 1314 mentionem
618 1257 763 1327 fecerunt,
801 1261 1077 1320 demonstrandum
1098 1265 1163 1336 erit,
1186 1265 1229 1344 ita

82 1371 116 1419 ut
138 1360 229 1418 libelli
250 1355 323 1432 περὶ
345 1354 489 1418 ἀπίστων
511 1358 646 1434 inscripti
669 1360 802 1416 auctoris
826 1370 912 1418 aetas
935 1362 959 1418 si
982 1379 1046 1418 non
1061 1364 1227 1434 artissimis,

83 1473 115 1519 at
137 1471 241 1520 tamen
264 1461 356 1536 paulo
387 1459 568 1518 certioribus
596 1460 705 1540 finibus
734 1462 1004 1534 circumscribatur,
1042 1472 1073 1521 et
1099 1464 1228 1524 hariola-

83 1565 196 1631 tiones,
219 1579 298 1636 quae
321 1581 339 1618 a
361 1561 461 1618 multis
483 1560 542 1618 hac
562 1561 594 1617 in
615 1563 795 1635 quaestione
823 1564 974 1622 rationum
996 1565 1064 1623 loco
1090 1567 1229 1640 prolatae

83 1673 164 1733 sunt,
186 1671 407 1722 removeantur.

183 1764 258 1821 Post
289 1781 380 1839 quam
413 1771 548 1820 aetatem
582 1764 770 1840 conscriptus
799 1766 839 1822 sit
868 1766 981 1824 libellus
1006 1783 1023 1821 e
1056 1766 1172 1825 Melissi
1197 1777 1229 1826 et

82 1866 215 1924 Lamisci
230 1863 329 1931 Samii,
351 1865 404 1940 qui
426 1865 455 1920 in
478 1864 670 1940 praefatione
693 1861 844 1940 (pg.268.
863 1861 916 1942 11)
938 1880 1226 1940 commemorantur,

81 1967 269 2042 temporibus
299 1965 441 2022 concludi
472 1973 585 2041 potest.
641 1964 838 2041 Quamquam
860 1969 951 2046 enim,
974 1971 1097 2046 quinam
1120 1972 1160 2029 illi
1183 1973 1225 2029 fu·

81 2070 170 2144 erint,
193 2085 257 2124 non
277 2066 369 2140 plane
392 2075 529 2142 apparet,
561 2075 666 2124 tamen
696 2069 872 2126 coniectura
894 2069 1009 2146 aliquid
1031 2072 1111 2129 effici
1133 2090 1228 2148 posse

83 2177 169 2246 puto,
220 2165 328 2243 (Festa
356 2184 406 2242 pg.
430 2167 469 2225 47
499 2167 676 2242 simpliciter
702 2168 791 2226 dicit:
826 2169 886 2225 due
912 2171 1051 2238 scrittori,
1086 2171 1144 2230 che
1174 2175 1227 2232 noi

81 2289 146 2330 non
171 2267 391 2341 conosciamo.)

181 2370 355 2427 Lamiscum
378 2370 534 2444 quendam
556 2369 694 2427 novimus
724 2369 813 2428 ePs.
837 2369 913 2430 Plat.
946 2389 994 2446 ep.
1018 2369 1084 2433 VII.
1113 2375 1175 2434 350
1190 2375 1226 2433 B.

80 2470 148 2553 (cfr.
171 2472 262 2546 Diog.
285 2470 387 2530 Laert.
411 2469 461 2526 ΙΙΙ.
485 2463 546 2546 22).
605 2470 685 2527 Fieri
710 2479 820 2544 potest,
855 2480 888 2528 ut
909 2471 959 2529 hic
980 2472 1148 2549 LamiscuS,
1173 2476 1226 2532 Ατ-

81 2576 191 2650 chytae
214 2582 246 2630 et
267 2571 406 2631 Platonis
432 2571 555 2639 amicus,
584 2572 667 2628 idem
695 2573 792 2630 sitae
815 2573 974 2631 Lamiscus
998 2593 1016 2631 a
1038 2573 1225 2651 Palaephato

81 2681 349 2741 commemoratus,
372 2671 575 2730 demonstrari
596 2689 660 2729 non
680 2681 792 2747 potest.

182 2776 339 2835 Melissum
361 2773 422 2832 hoc
449 2774 519 2830 loco
548 2775 738 2831 nominatum
760 2774 916 2844 Melissum
943 2793 1012 2835 esse
1035 2776 1224 2834 Euboeicum

78 2883 205 2955 ignotae
239 2877 349 2936 aetatis
380 2876 567 2950 scriptorem,
602 2876 688 2932 cuius
716 2877 831 2934 mentio
862 2876 895 2932 fit
922 2877 1005 2951 apud
1032 2875 1226 2951 Fulgentium

80 2979 236 3055 Mythogr.
258 2977 294 3037 ll.
322 2979 368 3044 16,
395 2977 552 3033 Fabricius
579 2977 717 3034 coniecit.
767 2975 832 3033 Nec
854 2994 925 3033 vero
949 2977 1082 3033 dubitari
1110 2985 1223 3053 potest,

78 3082 155 3155 quin
177 3085 283 3136 auctor
304 3077 363 3148 ille,
401 3076 471 3133 alibi
492 3077 626 3151 ignotus,
661 3095 680 3134 a
701 3077 863 3152 Fulgentio
891 3078 979 3136 fictus
1003 3077 1058 3150 sit;
1097 3097 1133 3135 ac
1156 3095 1226 3134 mea

79 3183 207 3257 quidem
230 3179 385 3236 sententia
407 3195 471 3235 non
492 3185 551 3246 est,
574 3196 627 3234 cur
648 3195 711 3235 non
728 3180 768 3235 de
784 3179 911 3237 Melisso
927 3177 1029 3236 Samio
1044 3179 1224 3254 philosopho

78 3284 262 3358 cogitemus,
299 3279 349 3354 qui
384 3298 410 3339 c.
441 3297 468 3339 a.
502 3281 564 3339 450
597 3297 623 3339 a.
647 3279 715 3338 Chr.
752 3281 860 3338 floruit.
919 3281 1038 3338 Eadem
1070 3280 1226 3338 Mullachii

78 3382 206 3458 (FPhG.
230 3382 255 3440 I.
281 3399 331 3458 pg.
358 3379 432 3453 260)
457 3382 611 3439 sententia
637 3392 693 3440 est.
745 3383 790 3439 Ac
817 3384 1007 3458 reperiuntur
1034 3401 1065 3438 re
1093 3400 1164 3439 vera
1194 3384 1223 3439 in

78 3485 199 3544 Melissi
221 3502 314 3560 opere
341 3480 415 3558 περὶ
437 3483 495 3543 τοῦ
517 3479 631 3557 ἐόντος
668 3486 716 3540 vel
739 3481 812 3558 περὶ
834 3480 954 3559 φύσιος
977 3486 1046 3551 loci,
1083 3485 1125 3541 ad
1147 3501 1225 3559 quos

77 3587 258 3662 Palaephati
286 3585 379 3642 verba
400 3585 502 3642 referri
524 3603 616 3659 posse
639 3587 807 3644 videantur.
859 3584 1027 3660 Praecipue
1056 3585 1081 3642 si
1108 3585 1225 3641 initium

76 3686 181 3761 operis
209 3685 286 3743 illius
313 3687 495 3760 perlegimus
534 3682 601 3762 (cfr.
633 3685 763 3762 Simplic.
791 3687 822 3742 in
845 3687 934 3746 Arist.
956 3687 1040 3762 phys.
1065 3686 1084 3744 f.
1110 3686 1174 3744 22b
1198 3681 1225 3745 εἰ

76 3786 139 3863 μὲν
162 3783 261 3861 μηδὲν
290 3783 368 3857 ἔστι,
401 3784 473 3862 περὶ
499 3784 619 3848 τούτου
648 3785 677 3847 τί
698 3784 738 3847 ἂν
764 3786 891 3860 λέγοιτο
918 3785 963 3862 ὡς
986 3784 1100 3862 ἐόντος
1122 3782 1222 3860 τινός;

59 3883 112 3947 'et
135 3883 154 3964 ἓ
176 3890 206 3947 6.
228 3883 277 3949 ἀεὶ
299 3883 350 3963 ἦν,
371 3884 421 3949 ὅτι
442 3884 493 3965 ἢν,
518 3885 570 3949 καὶ
594 3883 655 3948 αἰεὶ
678 3884 792 3967 ἔσται),
820 3891 923 3963 aliqua
953 3907 1020 3946 cum
1047 3888 1225 3963 Palaephati

76 3989 240 4048 sententiis
261 3990 293 4046 in
314 3991 506 4065 praefatione
527 3991 655 4065 prolatis
679 3991 844 4048 similitudo
867 3991 977 4048 elucet.
1007 3990 1097 4062 Quae
1121 3991 1224 4066 opinio

78 4093 123 4150 ad
153 4099 269 4148 certam
301 4094 518 4166 perduceretur
548 4092 649 4169 fidem,
687 4091 711 4148 si
742 4109 813 4148 vera
844 4099 928 4149 esset
961 4092 1136 4148 coniectura
1163 4093 1224 4148 iam

75 4193 199 4250 dudum
220 4195 339 4267 prolata
360 4188 425 4272 (csr.
450 4195 581 4253 Fischer.
605 4195 654 4254 ed.
667 4193 720 4252 VI.
743 4212 793 4270 pg.
820 4197 837 4253 9
860 4189 946 4266 adn.)
968 4193 1061 4249 verba
1082 4188 1139 4252 τὸν
1162 4187 1224 4250 Σά-

75 4312 154 4371 μιον
188 4295 229 4352 ad
251 4294 408 4353 Melissum
438 4295 602 4353 referenda
628 4311 709 4372 esse,
738 4312 807 4351 cum
827 4294 986 4352 Lamiscus
1020 4301 1164 4350 accurata
1186 4295 1222 4350 si·

71 4397 274 4473 gnificatione
293 4398 341 4453 vir
362 4403 463 4471 egeat,
485 4397 528 4454 ita
550 4403 583 4453 ut
606 4394 800 4452 scribendum
822 4404 920 4452 esset:
966 4390 1135 4454 Μέλισσον
1159 4389 1216 4455 τὸν
