2914 4980
589 300 727 354 ...63-

88 479 191 553 Magni
223 487 326 536 aetate
361 478 469 535 vixisse
499 479 625 535 credere
649 496 711 534 non
734 478 894 545 debemus,
917 478 1016 552 ipsum
1039 496 1161 551 nomen,
1198 486 1230 534 ut

89 582 169 656 apud
194 581 273 639 sabb.
296 581 386 638 Rom.
411 580 604 636 conditorem
626 580 728 636 fictum
752 595 819 636 esse
842 587 958 653 potest;
995 589 1029 636 ut
1051 579 1231 636 iamdudum

89 700 131 740 vv.
147 683 199 740 dd.
222 682 366 756 suspicati
388 689 458 738 sunt
475 683 635 756 scriptores
658 682 723 738 illos
741 689 800 738 tres
823 680 966 752 eroti00S,
990 681 1099 756 quibus
1116 699 1232 737 nomen

88 791 135 840 est
156 783 340 858 Xenophon,
363 782 422 840 hoc
443 799 557 839 nornen
584 783 640 839 sibi
663 782 874 858 assumpsisse,
905 791 1052 839 nontam
1074 790 1106 838 ut
1129 799 1232 836 verum

87 901 199 940 nomen
232 883 429 952 occultarent,
461 900 553 957 quam
586 892 619 939 ut
651 883 775 939 nomine
808 882 890 939 claro
922 884 1123 957 omnibusque
1154 891 1229 938 noto

89 985 235 1042 maiorem
258 985 376 1064 scriptis
404 985 465 1040 suis
488 985 703 1041 auctoritatem
725 985 932 1040 adsciscerent
955 981 1079 1056 (Rohde
1103 983 1156 1042 l.c.
1179 1001 1230 1057 pg.

88 1089 146 1145 346
171 1087 243 1145 adn.
267 1088 302 1153 2;
325 1103 375 1160 pg.
401 1087 460 1144 394
481 1083 573 1160 sqq.).
630 1085 717 1141 Idem
750 1085 862 1142 eodem
895 1085 958 1140 iure
988 1084 1028 1138 de
1054 1083 1232 1158 Palaephati

91 1187 232 1262 Abydeni
254 1187 377 1244 nomine
399 1187 497 1244 conici
518 1195 631 1262 potest.

186 1287 425 1362 EPalaephato
448 1289 599 1364 Aegyptio
623 1287 810 1344 Gutschmid
844 1286 947 1343 omnia
980 1287 1052 1343 inde
1085 1305 1103 1342 a
1135 1287 1231 1344 verbis

89 1387 228 1462 μυθικῶν
252 1383 370 1462 βιβλίον
393 1386 428 1448 α’
460 1405 558 1461 usque
593 1389 634 1444 ad
667 1388 789 1462 glossae
823 1386 914 1443 finem
943 1389 984 1444 ad
1012 1386 1234 1460 Palaephatum

90 1489 209 1546 Parium
237 1489 400 1546 referenda
423 1505 491 1544 esse
515 1489 631 1545 censuit
654 1487 795 1562 μυθικῶν
816 1483 936 1563 βιβλίον
959 1485 995 1547 α’
1018 1505 1036 1543 a
1059 1488 1134 1544 libro
1160 1484 1234 1562 περὶ

91 1585 236 1649 ἀπίστων
271 1609 334 1646 uon
364 1590 517 1646 diversum
550 1607 618 1646 esse
652 1598 743 1658 ratuS,
776 1605 846 1646 cum
868 1589 1119 1664 non·respiceret
1142 1589 1234 1645 verba

89 1686 213 1766 ἅτινες
238 1685 483 1765 -ἀνήνεγκαν
516 1691 607 1766 plane
640 1709 730 1748 sensu
764 1708 853 1748 cassa
885 1709 961 1756 esse,
997 1691 1022 1748 si
1050 1691 1105 1746 sub
1129 1689 1234 1747 Palae-

89 1792 172 1867 phati
189 1792 267 1848 Parii
286 1793 410 1848 nomine
433 1793 591 1865 leguntur3
613 1777 775 1866 praeterea
796 1787 971 1866 ὑποθέσεις
994 1785 1040 1866 εἰς
1056 1787 1234 1864 Σιμωνίδην

91 1894 139 1950 cui
160 1892 262 1967 potius
285 1893 464 1964 tribuantur,
488 1909 579 1966 quam
603 1889 826 1967 grammatico?

191 1993 240 2050 Ita
257 1993 367 2050 Festae
391 2011 514 2067 quoque
530 1994 745 2051 hariolationes
761 1995 936 2066 concidunt,
960 1995 1011 2069 qui
1026 1994 1235 2069 Palaephatos

92 2093 222 2169 Parium,
246 2094 441 2168 Abydenum,
476 2094 696 2152 Atheniensem
725 2095 874 2152 iuniorem
904 2092 1008 2170 (quem
1031 2114 1068 2152 ex
1090 2097 1188 2153 verbis
1211 2115 1234 2154 S.

15 2211 16 2216 ¹
92 2191 179 2254 Παλ.
212 2193 295 2270 Παρ.
326 2194 411 2270 τινὲς
444 2195 480 2257 δὲ
509 2197 610 2256 ταῦτα
638 2192 684 2272 εἰς
706 2193 764 2257 τὸν
786 2185 956 2269 Ἀθηναῖον
978 2192 1182 2271 ἀναφέρουσι
1204 2207 1235 2254 et

90 2314 112 2353 s.
137 2292 221 2356 Παλ.
245 2291 372 2367 Αἰγυπτ.
397 2293 522 2372 ἅτινες
556 2293 602 2372 εἰς
636 2294 693 2358 τὸν
715 2285 897 2371 Ἀθηναῖον,
930 2295 1016 2372 τινες
1050 2295 1086 2358 δὲ
1109 2293 1156 2373 εἰς
1178 2294 1235 2358 τὸν

91 2391 219 2472 Πάριον
242 2392 424 2471 ἀνήνεγκαν
444 2399 499 2455 sibi
522 2398 606 2455 finxit
622 2397 807 2456 Gutschmid
830 2407 861 2455 et
883 2416 974 2474 quern
995 2415 1059 2455 non
1082 2399 1236 2456 diversum

90 2516 159 2554 esse
193 2498 336 2572 opinatus
369 2507 417 2555 est
439 2517 457 2554 a
480 2497 667 2572 Palaephato
701 2500 790 2557 Pario
824 2501 887 2556 sive
920 2500 1065 2570 Pariano)
1101 2501 1234 2557 eundem

90 2600 244 2656 hominem
279 2616 349 2656 esse
372 2599 533 2656 arbitratus
556 2599 669 2656 Suidae
691 2601 809 2674 glossas
831 2601 875 2658 ita
898 2599 1139 2658 conformandas
1164 2619 1234 2658 esse

89 2700 259 2774 contendit,
282 2708 316 2756 ut
337 2708 458 2775 praeter
479 2701 560 2757 hunc
582 2701 780 2775 principalem
804 2701 1022 2776 Palaephatum
1044 2701 1232 2776 relinquatur

91 2800 235 2875 Palaeph.
261 2799 458 2858 Atheniensis
493 2801 714 2858 vetustissimus
748 2810 779 2857 et
808 2801 977 2876 Aegyptius
1009 2802 1234 2874 grammaticus

89 2903 137 2959 cui
170 2919 228 2960 sec.
262 2900 508 2959 Gutschmidium
544 2911 576 2958 et
606 2903 630 2958 F
633 2911 732 2960 estam
755 2897 946 2975 Αἰγυπτιακὴ
983 2898 1134 2974 θεολογία
1169 2902 1235 2960 sola

90 3011 187 3060 restat
209 2998 316 3080 (Festa
337 3021 386 3078 pg.
411 3006 450 3062 38
474 3004 563 3079 sqq).

191 3103 312 3176 Quibus
345 3105 540 3180 opinionibus
574 3104 711 3163 refutatis
733 3105 901 3172 videamus,
933 3099 1090 3180 quomodo
1122 3107 1235 3164 rectius

91 3208 131 3263 de
158 3206 356 3280 Palaephatis
390 3227 409 3264 a
441 3205 536 3264 Suida
569 3207 814 3264 commemoratis
850 3207 1051 3264 iudicandum
1085 3209 1235 3265 videatur.

91 3308 186 3379 Quod
218 3308 242 3365 si
274 3307 466 3380 inquirimus,
502 3308 643 3383 quisnam
677 3315 785 3366 auctor
819 3308 906 3365 fuerit
935 3316 966 3364 et
991 3308 1172 3366 Troicorum
1205 3317 1237 3366 et

90 3409 190 3483 operis
225 3409 265 3465 de
298 3408 524 3466 incredibilibus
558 3409 700 3483 inscripti,
739 3409 958 3483 Palaephatum
982 3410 1165 3482 Abydenum
1196 3409 1235 3464 de

91 3509 192 3568 causis
216 3526 307 3584 supra
328 3509 391 3584 (pg.
415 3505 468 3586 62)
492 3510 590 3567 allatis
608 3512 699 3585 plane
723 3511 865 3568 omittere
885 3527 1058 3585 possumus,

190 3609 321 3666 Restant
343 3617 403 3667 tres
427 3609 618 3686 Palaephati,
650 3612 757 3686 quibus
791 3629 885 3685 opera
912 3611 963 3668 illa
993 3609 1083 3667 tribui
1104 3611 1236 3686 possint:

91 3710 286 3767 Atheniensis
310 3710 541 3779 vetustissimus,
574 3720 658 3770 vates
691 3721 722 3769 et
754 3720 849 3787 poeta
873 3713 988 3786 spicue,
1023 3711 1115 3768 homo
1146 3711 1239 3786 plane

91 3812 260 3882 fabulosus;
285 3811 392 3868 Parius
415 3813 477 3868 sive
499 3812 682 3881 PrienensiS,
706 3814 757 3888 qui
773 3813 948 3870 Artaxerxis
965 3811 1139 3869 Mnemonis
1164 3821 1240 3868 tem·

91 3913 215 3987 poribus
245 3913 333 3979 vixit;
376 3912 545 3987 Aegyptius
578 3915 804 3988 grammaticus
838 3915 922 3971 cuius
951 3922 1096 3983 aetatem,
1133 3930 1240 3987 quam-

92 4031 183 4088 quam
206 4031 270 4069 non
291 4012 452 4089 indicatur,
488 4015 577 4088 paulo
605 4016 773 4072 accuratius
798 4015 1044 4072 circumscribere
1066 4031 1239 4090 possumus,

93 4113 345 4171 Consentaneum
368 4115 449 4170 enim
468 4124 517 4172 est
531 4117 763 4190 grammaticum
779 4115 962 4190 Aegyptium
978 4115 1100 4172 Graeco
1116 4116 1240 4173 nomine

93 4233 156 4272 non
179 4225 252 4272 ante
275 4214 441 4272 Alexandri
463 4215 569 4290 Magni
592 4225 731 4292 tempora
754 4227 875 4273 exstare
896 4217 1044 4291 potuisse.

193 4315 239 4372 Ex
262 4317 358 4374 tribus
392 4316 439 4372 his
462 4317 656 4393 Palaephatis
692 4319 811 4376 cuinam
845 4326 876 4374 et
907 4318 981 4376 liber
1002 4313 1075 4391 περὶ
1097 4311 1242 4377 ἀπίστων

96 4427 128 4475 et
151 4411 278 4493 Τρωικά
301 4417 464 4475 tribuenda
487 4427 601 4494 essent,
624 4419 682 4476 iam
705 4418 819 4477 Suidae
842 4427 949 4477 auctor
971 4418 1136 4478 nesciebat.
1163 4417 1241 4480 Nam
