2914 4980
717 260 871 316 *32-

776 501 801 543 C.

318 608 344 664 E
367 611 456 666 rebus
479 610 651 685 syntecticis
675 620 841 686 quamqum
861 613 960 669 minus
982 611 1069 670 facile
1092 620 1238 687 certeque
1277 611 1368 667 libelli

219 709 414 784 Palaephatei
436 713 568 768 aetatem
591 729 968 786 cognoscerepossumus,
993 731 1085 788 quam
1107 731 1145 770 er
1177 713 1367 788 singulorum

222 811 381 866 verborum
404 828 470 878 usu,
491 813 672 887 praesertim
695 831 773 883 cum,
795 832 886 893 quam
910 816 1021 872 dubiae
1044 815 1074 870 in
1097 831 1192 889 opere
1220 824 1367 890 excerpto

221 911 405 988 singularum
428 915 671 972 enuntiationum.
698 915 814 972 formae
838 934 906 976 esse
928 917 1072 982 debeant,
1103 935 1196 974 nemo
1218 917 1264 985 sit,
1288 917 1363 991 quin
1447 900 1448 909 ἵ

221 1013 433 1082 sciat-tamen
455 1015 509 1072 has
532 1033 655 1091 quoque
677 1034 725 1074 res
749 1017 921 1075 summatim
935 1018 1008 1075 mihi
1023 1017 1273 1093 perstringendae
1291 1035 1363 1074 esse
1446 1015 1447 1062 ἶ

222 1123 307 1190 puto,
352 1115 517 1174 Nonnullas
540 1135 578 1174 ex
603 1119 656 1186 εἰς,
686 1135 762 1194 quas
785 1119 957 1194 prolaturus
985 1137 1061 1196 sum,
1086 1120 1177 1176 rebus
1199 1121 1281 1192 apud
1303 1119 1366 1194 pri·
1447 1136 1448 1197 j

222 1235 289 1276 ores
313 1235 433 1293 quoque
457 1219 620 1293 scriptores
644 1221 798 1276 observari
820 1237 913 1296 posse
936 1220 1020 1278 haud
1041 1222 1169 1296 ignoro;
1201 1239 1271 1278 cum
1294 1238 1368 1278 vero
1447 1224 1448 1251 l

221 1320 262 1378 illi
282 1337 350 1376 raro
373 1320 433 1378 tale
455 1321 529 1394 quid
551 1321 606 1378 sibi
625 1321 843 1389 concesserint,
867 1323 898 1378 in
920 1323 1019 1397 operis
1035 1321 1231 1397 Palaephatei
1254 1322 1364 1397 paucis
1447 1326 1448 1333 ’

222 1421 300 1480 soliis
323 1423 396 1480 satis
419 1423 504 1479 multi
527 1422 591 1478 eius
614 1423 733 1496 generis
757 1423 814 1479 loci
846 1434 1018 1490 occurrunt,
1051 1433 1085 1480 ut
1119 1441 1157 1479 ea
1179 1441 1302 1498 quoque
1325 1424 1365 1479 de

224 1541 317 1582 causa
340 1532 445 1581 nostro
478 1523 541 1581 iure
562 1524 653 1580 libelli
677 1532 834 1581 auctorem
867 1524 909 1580 illi
931 1526 1024 1581 aetati
1048 1525 1180 1580 tribuere
1203 1524 1368 1598 possimus

224 1643 284 1700 qua
305 1626 457 1683 scribendi
478 1625 631 1699 elegantia
652 1625 748 1702 magis
771 1623 929 1702 magisque
952 1643 1136 1683 evanescere
1158 1627 1269 1700 coepit.

324 1728 416 1801 Apud
439 1725 657 1802 Palaephatutn
678 1728 830 1786 nonnullis
851 1728 925 1784 locis
957 1723 1069 1801 ὅστις
1091 1725 1155 1804 p'ro
1185 1723 1229 1800 ὅς
1256 1746 1369 1801 prono·
1404 1758 1408 1766 ·

224 1829 305 1885 mine
338 1827 508 1884 adhibitum
540 1828 724 1902 reperimuS,
762 1845 947 1902 quamquam
981 1830 1172 1886 enuntiatum
1210 1828 1370 1886 relativum

225 1947 326 2005 neque
349 1930 390 1986 ad
413 1928 602 1985 indefinitum
624 1946 783 1985 numerum
806 1947 905 2005 neque
928 1931 969 1986 ad
990 1947 1088 2004 genus
1111 1930 1279 1998 hominum,
1311 1931 1369 1986 sed

226 2033 265 2090 ad
289 2040 403 2090 certam
424 2048 589 2106 personam
611 2031 658 2086 vel
680 2030 775 2088 etiam
799 2031 976 2088 adnomen
999 2033 1154 2108 proprium
1177 2031 1313 2100 refertur,
1337 2040 1371 2087 ut

225 2151 275 2208 pg.
298 2135 368 2192 283.
393 2136 444 2201 13;
468 2133 537 2192 286.
562 2134 616 2202 19;
642 2133 710 2192 295.
737 2133 763 2191 2.
1024 2217 1026 2224 y

325 2235 398 2291 Eius
421 2234 541 2308 generis
567 2233 714 2308 exempla,
747 2235 804 2290 sed
827 2251 901 2304 rara,
930 2235 990 2290 iam
1012 2227 1084 2290 inde
1106 2233 1144 2288 ab
1167 2233 1304 2289 Homero
1327 2251 1373 2288 re·

138 2388 140 2393 .
226 2336 357 2410 perimus
382 2329 446 2411 (cfr.
472 2335 507 2393 Il.
530 2331 569 2394 Ψ.
592 2331 656 2411 43),
679 2335 864 2410 posteriores
887 2353 958 2392 vero
982 2335 1145 2410 scriptores
1161 2335 1278 2408 'graeci
1302 2352 1373 2390 cum
1446 2395 1447 2400 ἵ

227 2437 366 2494 fortiores
389 2436 621 2510 quodammodo
645 2452 737 2492 voces
760 2437 952 2512 adamarent,
975 2429 1067 2510 ὅστις
1090 2441 1121 2490 et
1137 2429 1175 2508 ὅς
1198 2436 1373 2508 promiscue
1446 2477 1447 2484 t

228 2522 295 2594 sine'
315 2538 376 2594 uua
399 2537 596 2594 distinctione
620 2535 768 2592 adhibent
790 2531 931 2611 (rainer
952 2536 980 2592 11
1005 2535 1020 2607 ς
1043 2539 1114 2596 554.
1143 2537 1153 2593 1
1182 2537 1253 2595 ann.
1280 2539 1295 2594 1
1320 2555 1372 2610 pg.
1446 2549 1447 2576 ÷

228 2632 311 2714 906).
355 2637 473 2695 Similes
496 2638 613 2714 aliquot
641 2637 700 2693 loci
724 2637 755 2692 in
778 2635 813 2696 N.
837 2637 920 2696 Test.
944 2646 1076 2706 exstant,
1109 2646 1143 2693 ut
1165 2639 1232 2697 Act.
1258 2637 1298 2696 X.
1316 2638 1372 2712 4¹3

228 2739 266 2798 X.
289 2741 343 2808 473
366 2737 468 2797 XVII.
494 2742 530 2798 11
556 2747 587 2796 et
608 2739 740 2814 saepius,

327 2839 421 2898 Haud
455 2859 521 2898 raro
548 2841 579 2914 in
603 2839 680 2896 libro
702 2839 907 2914 Palaephateo
935 2835 982 2912 μή
1011 2839 1210 2913 negationem
1232 2840 1372 2912 legimus

228 2942 292 2997 ubi
325 2935 370 3000 οὐ
403 2942 704 3016 exspectandum
738 2949 803 3000 est.
861 2940 956 3012 Quod
985 2956 1134 3013 persaepe
1165 2957 1325 2996 occurrere
1344 2940 1376 2996 in

229 3042 404 3116 posterioris
439 3043 547 3106 aetatis
583 3042 702 3116 scriptis
739 3042 855 3098 docent
875 3041 1034 3108 Hermann
1057 3041 1097 3095 acl
1121 3039 1222 3116 Viger.
1246 3041 1298 3097 ed:
1320 3039 1374 3100 IV.

231 3143 419 3218 Lips.1834
453 3161 502 3218 pg.
526 3143 595 3202 804.
624 3144 700 3211 806;
737 3141 841 3198 Winer
873 3137 948 3214 §55
983 3158 1034 3215 pg.
1059 3141 1133 3211 453;
1173 3141 1303 3198 Kiihner
1336 3141 1375 3199 II.

230 3243 247 3314 ἓ
270 3244 341 3302 515.
359 3243 377 3301 3
399 3244 530 3316 pg.755.
574 3243 722 3318 Exempla
737 3241 941 3317 Palaephatea
963 3240 1040 3298 haec
1063 3251 1150 3298 sunt:
1173 3260 1224 3317 pg.
1251 3244 1321 3301 280.
1339 3243 1375 3313 73

232 3345 301 3404 282.
324 3346 357 3418 8;
381 3346 450 3404 290.
466 3346 498 3417 2;
523 3345 666 3416 290.10;
690 3345 760 3402 297.
777 3345 809 3414 6;
834 3343 904 3401 303.
923 3339 1008 3412 201).
1061 3340 1200 3400 Conferri
1221 3351 1326 3417 potest
1348 3359 1376 3402 e.

231 3465 259 3520 g.
279 3445 407 3505 Diodor.
431 3445 480 3502 lV.
518 3447 566 3504 63.
590 3448 610 3504 4
640 3441 718 3504 ἔνιοι
749 3441 785 3504 δὲ
811 3442 876 3503 τῶν
904 3436 1124 3518 μυθογράφων
1145 3440 1250 3518 φασὶν
1273 3438 1376 3517 ἀμφο-

231 3543 347 3622 τέρους
371 3543 410 3621 μὴ
435 3546 543 3621 τυχεῖν
565 3546 623 3607 τοῦ
644 3543 776 3606 νόστου.

331 3647 483 3722 Persaepe
505 3649 670 3724 reperimus
703 3643 799 3721 φημί
831 3647 1088 3704 coniunctum
1122 3663 1204 3702 cum
1233 3640 1295 3706 ὅτι
1318 3645 1376 3703 vel

233 3747 298 3825 ὡς,
335 3751 419 3807 cuius
452 3767 523 3807 usus
557 3767 625 3808 rara
657 3749 797 3823 exempla
825 3751 908 3823 apud
929 3750 1044 3824 priores
1067 3747 1233 3824 scriptores
1255 3757 1379 3806 exstant

232 3848 373 3928 (Kiihner
395 3851 434 3911 ΙΙ.
458 3847 474 3928 ἓ
498 3853 559 3910 478
593 3869 642 3925 pg.
667 3852 727 3910 576
763 3851 835 3906 adn.
863 3854 893 3923 13
931 3845 1032 3924 §550
1068 3867 1119 3924 pg.
1145 3851 1205 3908 876
1232 3851 1303 3909 adn.
1334 3845 1377 3923 2),

232 3953 316 4026 apud
331 3951 550 4026 Palaephatum
566 3946 625 4027 (pg.
639 3954 708 4010 269.
720 3953 754 4019 93
778 3953 847 4010 273.
865 3953 901 4022 9;
926 3952 995 4010 274.
1013 3954 1068 4018 113
1094 3952 1163 4010 278.
1181 3954 1214 4023 83
1240 3953 1308 4009 279.
1325 3953 1379 4027 15;

236 4111 433 4120 --——-—-——

334 4211 360 4276 1)
381 4227 424 4276 pg.
443 4210 503 4262 273.
520 4212 553 4265 10
573 4228 633 4262 vera
651 4213 731 4262 lectio
751 4229 809 4262 esse
827 4213 929 4260 videtur
949 4211 1010 4275 ἐμοὶ
1028 4209 1058 4261 δὲ
1078 4209 1155 4262 δοκεῖ
1175 4208 1306 4274 Ἄρτεμιν
1326 4209 1378 4273 μὲν

233 4299 325 4366 (OaR;
353 4300 404 4364 μὲν
423 4299 459 4365 μὴ
478 4303 543 4369 DM,
573 4301 606 4354 οὐ
625 4301 709 4368 vulg.)
738 4299 908 4353 δύνασθαιὸ
938 4316 964 4352 τι
990 4298 1066 4351 θέλοι
1098 4300 1137 4353 lR
1150 4297 1234 4364 θέλει)
1263 4301 1381 4363 notitioni

233 4387 326 4454 (Festa
344 4405 387 4454 pg.
406 4388 440 4442 26
461 4392 520 4442 adn.
539 4387 576 4459 4).
