2914 4980
554 319 595 344 ,ρ
715 273 871 330 -sa-

217 453 333 530 optime
356 456 509 531 quadrent
537 453 567 512 in
591 454 698 512 librum
719 449 848 529 Τρωικά
873 454 1054 530 inscriptum
1078 485 1117 494 -
1141 453 1276 512 fortasse
1302 452 1366 509 lon-

218 556 286 629 gius
315 556 408 612 etiam
439 555 584 632 progredi
620 555 692 613 licet
716 556 782 613 sine
804 555 1013 613 hariolationis
1037 555 1172 614 crimine.
1217 553 1297 612 Cum
1320 553 1367 609 vel

218 658 300 726 inde,
336 657 420 733 quod
443 655 615 712 Demetrius
638 655 782 731 Scepsius
815 657 880 714 eius
913 657 1011 731 operis
1034 657 1223 714 mentionem
1255 655 1366 726 iniecit,

144 753 146 760 ’
217 757 302 814 haud
323 776 417 832 prava
437 775 508 816 esse
531 758 684 816 sententia
704 758 848 816 videatur
870 758 978 815 librum
1003 757 1244 833 Palaephateum
1263 757 1366 830 ,aliqua

219 870 300 918 certe
324 868 470 936 exparte
492 859 603 917 similes
624 869 716 934 atque
732 859 880 918 Demetrii
903 877 980 935 opus
1005 877 1053 916 res
1070 860 1265 934 complexum
1288 875 1365 923 esse,

218 960 296 1018 haec
326 962 457 1038 suspicio
488 969 626 1036 augetur,
656 963 681 1018 si
704 961 758 1037 frg.
782 961 928 1036 Palaeph.
953 965 981 1020 5,
1006 961 1189 1018 conferimus
1212 977 1282 1017 cum
1305 959 1365 1015 De·

219 1063 317 1118 metrii
339 1061 395 1138 frg.
419 1063 458 1122 75
481 1058 555 1138 (sec.
582 1061 736 1120 Gaedium
759 1061 847 1122 Dem.
864 1061 969 1136 Sceps.
994 1080 1072 1137 quae
1093 1070 1269 1136 supersunt;
1295 1061 1365 1117 diss.

220 1162 387 1238 Gryphisw.
424 1159 529 1240 1880).
588 1163 687 1221 Schol.
722 1171 780 1222 vet.
815 1163 963 1222 Marcian.
1000 1165 1041 1220 ad
1064 1161 1214 1237 Lycophr.
1246 1181 1274 1220 v.
1306 1163 1364 1220 529

220 1258 314 1343 (adid.
338 1263 375 1322 G.
398 1261 523 1340 Kinkel)
546 1264 624 1321 haec
647 1265 796 1323 adnotat:

316 1360 441 1439 ἱστορεῖ
463 1363 498 1425 δὲ
515 1362 689 1440 Σοφοκλῆς
712 1362 747 1426 ἐν
764 1361 924 1438 Ποιμέσιν
946 1361 1009 1426 ὑπὸ
1028 1365 1088 1425 τοῦ
1102 1359 1262 1439 Ἕκτορος
1278 1358 1366 1424 ἀναι-

220 1465 351 1540 ρεθῆναι
372 1462 430 1526 τὸν
443 1461 690 1540 Πρωτεσίλεων.
714 1461 833 1539 ὁμοίως
850 1464 886 1526 δὲ
903 1462 954 1524 καὶ
977 1462 1166 1540 Δημήτριος
1188 1461 1206 1526 ὁ
1223 1462 1366 1540 Σκήψιος

220 1563 296 1641 παρ’
312 1562 439 1645 Ὁμήρῳ
459 1561 643 1641 γράφεσθαι
667 1561 713 1640 (Β,
731 1560 825 1642 701);
850 1563 917 1638 ,τὸν
940 1561 1053 1626 ἔκτανε
1075 1563 1228 1642 φαίδιμος
1243 1561 1366 1641 Ἕκτωρ

220 1663 410 1744 (Δάρδανος
431 1662 512 1742 ἀνὴρ
534 1666 661 1724 Homeri
685 1668 790 1739 codd.)
814 1664 894 1741 νηὸς
918 1663 1197 1742 ἀποθρώσκοντα.
1254 1663 1257 1670 ’

320 1769 423 1843 Efrg.
447 1770 475 1829 5.
500 1769 636 1826 videmus
668 1767 890 1844 Palaephatum
923 1771 1022 1845 ipsum
1042 1785 1167 1844 quoque
1201 1787 1239 1826 ea
1268 1771 1309 1826 de
1336 1787 1366 1824 re

161 1867 163 1874 ’
221 1871 407 1946 disputasse,
439 1871 564 1946 quinam
592 1871 623 1926 in
645 1870 698 1940 illo
722 1869 830 1928 Iliadis
861 1889 949 1928 versu
971 1872 1196 1946 intellegendus
1220 1871 1258 1927 sit
1281 1866 1366 1944 Δάρ-

222 1971 323 2046 δανος
345 1966 427 2046 ἀνήρ
436 1963 468 2048 1),
492 1972 584 2028 etde
607 1973 714 2028 Aenea
736 1973 900 2046 cogitasse.

322 2073 414 2130 Aliud
436 2072 614 2148 Palaephati
643 2073 812 2130 studiorum
840 2073 1074 2130 Homericorum
1099 2075 1260 2148 vestigium
1274 2091 1367 2148 ⁴repe·

223 2175 315 2233 rimus
336 2175 369 2232 iu
390 2173 444 2248 lrg.
468 2175 497 2250 4,
527 2174 577 2230 ubi
598 2174 806 2250 Palaephatus
828 2173 944 2250 Ephori
968 2175 1174 2232 coniecturam
1196 2171 1263 2252 (cfr.
1286 2176 1364 2232 Stra·

223 2279 296 2338 bon.
318 2275 386 2335 XlI.
412 2278 440 2336 3.
465 2277 502 2334 21
526 2294 576 2351 pg.
599 2271 672 2353 550)
696 2277 848 2352 recepisse
871 2277 1030 2334 verisimile
1053 2285 1109 2342 est.

323 2377 386 2436 Sed
408 2377 576 2450 videamus,
600 2395 673 2434 num
695 2377 784 2446 forte,
806 2386 878 2452 post
900 2395 992 2452 quem
1013 2379 1175 2434 terminum
1190 2377 1365 2452 Palaephati

225 2479 334 2538 Troica
369 2485 435 2536 orta
469 2495 538 2536 esse
568 2479 740 2554 videantur,
776 2495 964 2552 cognoscere
996 2479 1153 2554 possimus.
1197 2477 1223 2534 E
1252 2477 1364 2535 Suidae

224 2581 321 2638 lexico
344 2580 544 2654 comperimus
567 2579 790 2655 huncquoque
812 2581 929 2653 librum,
952 2589 985 2637 ut
1001 2581 1184 2655 opusculum
1207 2581 1248 2636 de
1270 2581 1368 2636 incre·

225 2682 374 2749 dibilibus‚
397 2689 428 2737 et
443 2681 631 2755 Palaephato
647 2681 828 2739 Atheniensi
849 2691 882 2739 et
897 2682 985 2740 Pario
1007 2692 1039 2738 et
1054 2681 1208 2757 Aegyptio
1224 2681 1367 2738 tributum

225 2801 302 2844 esse.
346 2781 423 2840 Cum
445 2783 485 2839 de
506 2781 687 2839 Atheniensi
709 2785 834 2840 omnino
857 2785 986 2858 cogitari
1008 2801 1071 2840 non
1093 2783 1201 2856 possit,
1224 2782 1284 2839 hoc
1308 2781 1367 2838 ior·

226 2895 309 2944 tasse
345 2886 553 2942 demonstrare
591 2901 685 2958 posse
721 2885 794 2942 mihi
831 2885 937 2942 videor
974 2903 1013 2941 ne
1050 2883 1241 2959 Palaephato
1279 2882 1367 2939 Pario

224 2987 359 3064 quidem,
395 2985 446 3061 qui
478 2986 651 3042 Artaxerxis
686 2985 872 3060 temporibus
906 2985 987 3060 vixit,
1022 2985 1103 3042 hunc
1137 2985 1245 3041 librum
1278 2983 1367 3041 tribui

224 3106 326 3164 posse.
370 3087 566 3144 EDemetrii
588 3085 704 3160 Scepsii
727 3087 781 3161 lrg.
806 3089 854 3145 45.
884 3084 1022 3162 (Gaede)
1043 3085 1174 3144 sortasse
1195 3087 1236 3142 de
1260 3084 1368 3141 Palae-

224 3189 309 3264 phati
332 3195 435 3248 aetate
458 3187 572 3263 aliquid
595 3188 738 3246 conicere
754 3188 831 3255 licet,
854 3205 927 3244 nam
943 3189 988 3244 bis
1005 3189 1046 3245 ad
1061 3189 1190 3244 eosdem
1208 3187 1368 3262 scriptores

224 3299 371 3366 provocat
395 3307 511 3366 eosque
533 3290 578 3347 bis
602 3291 713 3346 eodem
728 3289 836 3346 ordine
852 3291 954 3348 affert:
977 3285 1148 3362 Ἑκαταῖος
1164 3284 1183 3347 ὁ
1199 3283 1369 3362 Μιλήσιος,

225 3387 435 3467 Μενεκράτης
458 3387 476 3451 ὁ
497 3378 658 3464 Ἐλαῖτης,
681 3387 908 3466 Παλαίφατος.
941 3391 1125 3449 Coniectura
1148 3390 1231 3446 haud
1253 3390 1370 3446 absona

226 3512 294 3552 esse
315 3494 436 3552 videtur
458 3493 659 3566 Demetrium,
689 3502 723 3550 ut
747 3503 812 3551 erat
841 3494 933 3551 homo
964 3491 1220 3568 diligentissimus
1254 3509 1272 3546 e
1296 3499 1369 3546 tem·

225 3611 334 3670 porum
355 3595 473 3650 ratione
496 3595 658 3669 scriptores
681 3612 892 3670 enumerasse,
929 3596 972 3652 ita
1005 3605 1038 3651 ut
1063 3591 1268 3666 Palaephatus
1302 3599 1371 3666 post

226 3696 436 3752 Menecratem
457 3695 567 3754 vixisse
590 3696 714 3756 debeat.
758 3696 969 3754 Menecratem
992 3713 1074 3763 vero,
1100 3695 1213 3770 quippe
1242 3695 1294 3768 qui
1328 3694 1371 3750 di·

226 3797 359 3871 scipulus
376 3796 465 3854 fuerit
477 3797 672 3866 Xenocratis,
695 3798 746 3873 qui
767 3814 794 3856 a.
809 3799 868 3856 339
878 3830 903 3836 -
915 3799 984 3856 315.
999 3797 1256 3854 Academicorum
1278 3794 1372 3870 σχολ-

226 3894 328 3973 άρχης
351 3897 416 3966 fuit,
440 3897 620 3958 Ptolemaeo
643 3899 717 3976 Lagi
745 3899 806 3956 filio
835 3909 985 3973 regnante
1010 3899 1146 3956 floruisse
1175 3897 1370 3956 manifestum

227 4007 275 4056 est
308 3995 373 4073 (cfr.
400 3997 517 4058 Mulier.
547 3999 633 4057 FHG
659 3999 696 4059 II.
726 3994 812 4075 342).
867 3999 976 4074 ltaque
1010 3999 1215 4073 Palaephatus
1249 4017 1370 4073 quoque

226 4099 406 4157 Troicorum
428 4112 534 4158 auctor
557 4111 629 4160 ante
652 4103 730 4160 tertii
744 4120 771 4161 a.
784 4100 852 4160 Chr,
867 4101 982 4158 saeculi
1005 4099 1122 4157 initium
1145 4099 1285 4158 floruisse
1307 4118 1368 4157 non

226 4203 356 4262 videtur.

326 4335 353 4402 1)
373 4335 421 4385 Cui
440 4337 588 4401 quaestioni
607 4351 682 4400 quam
711 4335 785 4385 multi
810 4335 983 4395 incubuerint,
1012 4341 1118 4401 apparet
1137 4351 1151 4384 e
1170 4333 1252 4384 schol.
1281 4333 1314 4382 ad
1333 4332 1365 4384 11.

281 4421 329 4476 ''ul
350 4423 441 4490 (Dind.
459 4426 481 4476 1.
502 4422 572 4492 127).
