2914 4980
730 266 937 338 -rn-‚

234 449 439 528 Palaephatus
470 449 504 508 id
534 449 631 508 ‘solum
654 449 726 524 egit.
760 456 795 506 ut
816 448 982 526 Sphingem
1004 457 1068 506 non
1093 445 1186 508 fuisse
1210 455 1384 507 monstrum

236 555 350 612 alatum
372 554 599 610 demonstraret
621 558 652 608 et
674 552 862 618 ostenderet,
886 550 961 625 quid
984 551 1024 609 de
1039 549 1183 627 Sphingis
1206 549 1384 626 aenigmate

236 657 434 714 iudicandum
470 661 563 714 esset.
608 651 699 708 Hanc
732 652 1017 726 interpretationem
1050 653 1291 728 Palaephateam
1320 653 1386 711 Eu·

236 757 366 815 stathius
387 755 481 821 novit,
505 756 562 812 sed
584 772 654 812 eam
676 771 800 828 quoque
819 753 999 826 versionem,
1023 771 1102 830 quae
1125 755 1209 830 apud
1237 754 1386 812 Malalam

236 859 356 934 legitur,
380 858 408 914 ei
430 864 535 914 notam
558 855 651 912 fuisse
672 869 764 912 nemo
787 863 892 930 potest
915 873 1036 929 negare.

278 945 282 954 ’
336 959 400 1016 lam
423 957 635 1034 quaerendum
657 963 715 1026 est,
745 957 828 1013 unde
851 955 980 1013 Malalas
1003 975 1042 1014 ea
1063 955 1184 1026 habeat,
1207 974 1288 1031 quae
1310 974 1384 1032 pro·

237 1060 303 1120 fert.
336 1059 547 1138 Fiegi‘potest,
569 1059 603 1113 ut
625 1058 691 1132 ipse
713 1063 767 1124 aut
789 1075 828 1114 ex
851 1075 907 1114 suo
930 1057 1055 1133 ingenio
1078 1066 1132 1115 aut
1153 1077 1193 1116 ex
1215 1058 1273 1116 alio
1298 1057 1387 1116 fonte

237 1179 274 1218 ea
295 1160 457 1235 addiderit,
483 1177 563 1234 quae
585 1176 604 1214 a
627 1157 806 1233 Palaephati
829 1159 930 1216 fabula
953 1159 1053 1216 aliena
1075 1168 1161 1229 sunt;
1199 1161 1258 1218 sed
1278 1161 1384 1216 verisi-

236 1263 335 1320 milius
358 1270 407 1319 est
428 1278 497 1318 eum
513 1259 636 1318 omnino
658 1277 764 1316 verum
779 1267 812 1316 et
826 1259 978 1334 integrum
994 1259 1217 1337 Palaephatum
1239 1261 1383 1318 manibus

236 1381 300 1422 non
332 1363 477 1438 tenuisse,
512 1362 569 1418 sed
598 1361 778 1435 opusculum
810 1368 1010 1418 retractatum
1035 1369 1066 1420 et
1089 1362 1307 1420 additamentis
1330 1363 1388 1420 de-

202 1479 206 1486 '
237 1473 396 1541 pravarum
418 1463 599 1537 inspexisse.
626 1461 751 1520 Certum
773 1462 919 1519 iudicium
942 1461 1012 1519 ferri
1036 1463 1084 1520 vix
1107 1481 1242 1538 unquam
1264 1463 1389 1539 poterit,

238 1583 308 1622 cum
339 1580 400 1622 uno
435 1569 553 1620 tantum
585 1561 654 1620 loco
677 1561 811 1620 Malalae
840 1563 1013 1620 versionem
1035 1579 1105 1620 cum
1130 1572 1250 1622 servato
1274 1563 1385 1623 Palae-

237 1665 322 1741 phati
344 1681 436 1740 opere
459 1662 599 1720 conferre
621 1662 710 1720 nobis
732 1661 831 1724 liceat.

338 1765 456 1840 Restat,
485 1772 518 1820 ut
542 1765 582 1820 de
605 1762 777 1821 Philochori
797 1763 885 1822 huius
915 1765 1038 1822 fabulae
1061 1766 1274 1843 explicatione,
1303 1784 1385 1842 quae

238 1875 340 1926 exstat
362 1867 446 1942 apud
468 1864 608 1922 Natalem
632 1863 784 1922 Comitem
806 1860 967 1939 (MullerF
973 1865 1077 1926 HG.1.
1092 1885 1141 1942 pg.
1167 1885 1217 1942 pg.
1235 1870 1304 1926 413.
1328 1867 1385 1944 frg.

240 1965 322 2045 174.)
358 1985 457 2044 pauca
495 1967 604 2040 dicam,
650 1983 719 2023 cum
756 1967 848 2024 Festa
885 1975 973 2042 putet
1009 1963 1071 2042 (pg.
1107 1959 1171 2044 25.)
1207 1969 1250 2025 ad
1282 1967 1387 2025 Philo-

240 2070 366 2128 chorum
403 2065 537 2124 Malalae
583 2066 706 2124 fabulae
750 2066 1030 2132 ,conformationem
1070 2069 1264 2126 referendam
1306 2087 1385 2128 esse.

240 2170 271 2230 Si
302 2171 396 2227 modo
429 2167 532 2226 Natali
569 2165 682 2224 Comiti
717 2167 794 2224 fides
833 2168 979 2226 habenda
1015 2177 1078 2239 est,
1116 2169 1315 2228 Philochorus
1355 2173 1387 2228 in

239 2271 315 2328 libro
348 2271 388 2326 de
426 2269 579 2326 sacrificiis
619 2268 697 2324 haec
737 2269 831 2326 dixit:
860 2260 1037 2346 „Minervae
1074 2272 1201 2328 consilio
1239 2273 1386 2330 edoctum

242 2372 395 2448 Oedipum
428 2371 575 2430 societate
602 2369 727 2445 rapinae
750 2369 888 2428 simulata
911 2388 944 2427 se
967 2373 1008 2427 ad
1030 2370 1195 2447 Sphingem
1217 2373 1385 2432 contulisse

242 2482 335 2548 atque
358 2473 444 2530 novis
467 2487 587 2546 semper
609 2471 699 2528 sociis
728 2469 851 2547 Oedipo
880 2489 914 2528 se
937 2473 1122 2530 addentibus
1146 2474 1280 2548 denique
1302 2475 1385 2532 illam

241 2592 310 2632 cum
342 2591 454 2648 magna
487 2589 610 2630 suorum
646 2557 738 2629 manu
772 2574 992 2648 oppressisse.“
1046 2573 1118 2632 Non
1148 2584 1249 2650 potest
1280 2577 1387 2650 negari

241 2674 375 2734 Malalae
404 2674 610 2732 narrationem
642 2691 712 2731 cum
734 2673 935 2733 Philochorea
966 2677 1079 2752 aliquid
1102 2677 1306 2734 similitudinis
1329 2677 1384 2736 ha-

222 2775 322 2851 here,
345 2794 404 2834 nec
426 2793 498 2832 vero
524 2793 577 2834 eas
598 2775 677 2832 inter
699 2791 732 2832 se
756 2774 921 2833 cohaerere
944 2779 1191 2845 concludendum
1213 2787 1269 2838 est.

340 2877 425 2934 Duos
442 2875 573 2934 Malalae
590 2877 683 2934 'locos
705 2877 748 2932 ad
763 2877 940 2952 Palaephati
963 2880 1003 2935 de
1026 2880 1254 2936 incredibilibus
1276 2880 1386 2936 librum

241 2978 325 3037 nullo
356 2979 451 3035 modo
473 2978 576 3035 referri
597 2995 688 3053 posse
710 2987 792 3053 puto,
848 2975 935 3049 Quae
958 2979 1087 3038 Malalas
1109 2999 1159 3056 pg.
1180 2983 1229 3040 32.
1253 2983 1294 3038 de
1315 3000 1386 3056 pur-

241 3097 337 3155 purae
359 3079 535 3136 inventione
557 3079 682 3154 profert,
715 3079 806 3154 plane
829 3079 928 3137 aliena
951 3089 1022 3139 sunt
1045 3099 1063 3138 a
1088 3081 1267 3156 Palaephati
1291 3081 1386 3152 libro;

156 3233 161 3242 .
242 3182 400 3256 quomodo
424 3179 539 3238 factum
562 3181 609 3248 sit,
633 3189 667 3237 ut
683 3179 811 3238 Malalas
834 3180 984 3242 hocloco
1007 3184 1048 3239 ad
1070 3183 1293 3258 Palaephatum
1315 3202 1387 3259 pro-

242 3291 375 3358 vocaret,
400 3301 459 3357 ego
480 3284 645 3340 decernere
668 3283 717 3340 vix
739 3283 845 3343 ausim.
883 3283 961 3340 Item
983 3302 1031 3355 ea,
1052 3301 1131 3360 quae
1147 3285 1288 3360 leguntur
1303 3287 1388 3359 apud

244 3385 388 3442 Malalam
419 3401 470 3460 pg.
494 3386 563 3444 209.
584 3403 611 3443 v.
634 3387 654 3442 4
683 3385 724 3441 de
752 3383 865 3442 Perseo
887 3403 956 3460 rege
980 3381 1160 3446 -τούτου
1183 3381 1293 3445 δὲκαὶ
1317 3381 1388 3446 Πα-

244 3483 403 3562 λαίφατος
419 3482 573 3560 μέμνηται
587 3515 637 3557 -‚
662 3502 731 3542 cum
753 3493 862 3542 natura
885 3495 916 3542 et
934 3487 1057 3561 ingenio
1073 3487 1138 3544 libri
1152 3483 1225 3562 περὶ
1239 3481 1388 3549 ἀπίστων

244 3595 374 3646 certant.
411 3585 587 3643 Verisimilis
610 3602 680 3642 esse
703 3586 807 3660 opinio
830 3587 950 3644 videtur
965 3587 1120 3658 Malalam,
1142 3605 1203 3662 qua
1225 3596 1291 3644 erat
1314 3589 1388 3644 stul·

244 3689 321 3763 titia,
357 3687 503 3744 Perseum
539 3686 750 3744 Macedonum
786 3705 890 3761 regem
927 3707 997 3746 cum
1028 3689 1141 3746 Perseo
1164 3689 1290 3745 Danaes
1317 3687 1387 3757 filio,

244 3789 329 3847 cuius
351 3788 554 3863 Palaephatus
578 3788 766 3848 mentionem
786 3787 867 3860 facit,
891 3789 1076 3848 confudisse.

344 3888 410 3946 Iam
431 3906 504 3946 vero
526 3891 642 3963 paucis,
677 3885 753 3966 quid
786 3892 826 3947 de
854 3890 993 3948 omnibus
1021 3890 1067 3947 his
1091 3889 1165 3947 locis
1189 3890 1286 3947 allatis
1309 3889 1387 3948 iudi·

246 3991 378 4049 candum
411 4005 479 4046 esse
512 4008 663 4060 censeam,
699 3992 893 4066 complectar.
949 3991 1134 4050 Ostendisse
1167 3991 1239 4048 mihi
1272 3992 1388 4069 videor,

246 4109 446 4167 quaecunque
478 4091 645 4148 afferuntur
670 4092 727 4150 sub
760 4093 939 4168 Palaephati
970 4093 1104 4161 nomine,
1140 4093 1198 4150 sed
1231 4093 1291 4150 iam
1325 4111 1389 4150 non

246 4200 368 4250 exstant
389 4193 420 4249 in
438 4192 513 4251 libro
541 4201 672 4264 servato,
701 4195 838 4270 exceptis
866 4195 987 4252 duobus
1010 4193 1143 4252 Malalae
1166 4193 1240 4250 locis
1270 4211 1308 4250 err
1329 4194 1387 4252 Pa·

245 4293 379 4369 laephati
394 4311 486 4368 opere
500 4294 636 4369 pleniore
658 4312 707 4373 eo,
730 4296 814 4370 quod
827 4311 884 4352 nos
906 4294 1065 4374 habemus,
1087 4294 1199 4352 hausta
1221 4311 1298 4354 esse.
1322 4293 1386 4353 Sed

244 4413 308 4454 non
335 4395 433 4452 minus
463 4403 580 4454 certum
602 4403 649 4454 est
670 4397 754 4470 apud
777 4395 922 4462 Malalam
951 4397 1042 4454 verba
1066 4395 1276 4472 Palaephatea
1299 4396 1388 4453 addi·
