2914 4980
670 275 873 334 2-50...

225 457 367 516 hemerus
389 472 533 530 gewesen
557 473 593 512 zu
615 457 681 513 sein
700 457 829 534 scheint‚
852 455 932 514 auch
951 454 1112 513 Verfasser
1134 454 1218 512 einer
1236 453 1368 530 Special-

228 559 334 617 schrift
355 559 431 615 iiber
453 558 504 614 die
537 556 669 614 troische
691 557 883 616 Landschaft
914 550 1098 633 (Τρωικά)“,
1133 557 1219 630 quo'd
1242 557 1368 620 demon-

229 662 387 721 strandum
416 667 465 718 est
496 658 596 732 potius
629 676 719 734 quam
753 662 997 718 demonstratum
1029 657 1230 732 protulerunt.
1289 655 1370 727 Quid

228 763 427 820 iudicandum
460 760 498 816 sit
527 761 568 816 de
590 760 770 834 Palaephati
792 760 921 837 TroiciS,
955 767 987 814 ut
1017 765 1174 834 appareat,
1205 758 1369 830 conferam,

229 879 441 938 quaecumque
464 859 583 918 dehoc
606 878 700 934 opere
722 862 850 936 eiusque
873 869 999 918 auctore
1022 861 1168 934 cognosci
1191 867 1332 934 possunt.

329 960 700 1037 PalaephatiTroicorum
723 963 846 1038 primus,
868 967 1019 1037 quantum
1041 961 1161 1030 scimus,
1184 961 1371 1020 mentionem

230 1066 304 1124 fecit
325 1063 497 1122 Demetrius
521 1062 671 1138 Scepsius,
705 1065 738 1120 id
769 1064 854 1140 quod
890 1073 1018 1139 apparet
1041 1081 1058 1118 e
1081 1063 1233 1122 Strabone
1256 1063 1322 1123 XII.
1345 1066 1370 1122 3.

230 1171 269 1226 22
291 1185 341 1242 pg.
364 1167 439 1226 550:
462 1161 585 1224 ἐπαινεῖ
606 1163 642 1224 δὲ
659 1161 735 1238 (scil.
758 1161 776 1225 ὁ
794 1161 949 1240 Σκήψιος)
973 1160 1110 1238 μάλιστα
1129 1161 1189 1237 τὴν
1202 1154 1371 1223 Ἑκαταίου

229 1269 288 1329 τοῦ
313 1261 475 1340 Μιλησίου
497 1261 549 1324 καὶ
571 1261 800 1340 Μενεκράτους
821 1267 880 1326 τοῦ
896 1260 1045 1326 Ἐλαίτου
1067 1265 1133 1326 τῶν
1148 1260 1373 1338 Ξενοκράτους

229 1365 400 1443 γνωρίμων
422 1361 542 1440 ἀνδρὸς
564 1362 662 1428 δόξαν
684 1363 736 1426 καὶ
765 1364 823 1440 τὴν
845 1361 1063 1441 Παλαιφάτου
1078 1410 1207 1427 .......
1232 1374 1263 1423 et
1285 1367 1373 1441 paulo

230 1470 307 1527 inira
328 1489 378 1546 pg.
400 1470 469 1530 551.
502 1463 579 1528 ὁδὲ
602 1463 818 1543 Παλαίφατος
851 1479 952 1543 φησιν
980 1465 1013 1528 ἑξ
1037 1464 1220 1542 Ἀμαζόνων
1246 1467 1312 1526 τῶν
1340 1463 1372 1525 ἐν

230 1573 268 1651 τῇ
293 1567 414 1650 Ἀλόπῃ
438 1564 623 1638 οἰκούντων,
657 1570 716 1630 νύν
749 1569 785 1630 δὲ
813 1567 848 1630 ἐν
870 1565 996 1650 Ζελείᾳ,
1030 1565 1222 1638 τὸνὍδιον,
1244 1566 1372 1628 καὶτὸν

231 1658 454 1746 Ἐπίστροφον
476 1671 672 1746 στρατεῦσαι
686 1667 751 1747 (cfr.
775 1673 868 1728 etiam
885 1671 1025 1729 Strabon.
1041 1671 1106 1732 XII.
1124 1674 1151 1732 3.
1167 1673 1205 1732 23
1220 1689 1273 1748 pg.
1291 1667 1372 1746 552).

233 1773 328 1847 Quod
353 1774 378 1830 si
400 1772 606 1847 Palaephatus
629 1791 648 1829 a
669 1772 827 1830 Demetrio
851 1773 976 1848 Scepsio
999 1773 1140 1832 laudatus
1165 1781 1219 1842 est,
1247 1779 1374 1848 apparet

234 1893 304 1934 eum
327 1882 399 1950 post
414 1873 604 1930 Demetrium
626 1873 655 1934 h,
679 1895 706 1932 e.
728 1883 799 1948 post
821 1876 949 1932 alterum
971 1875 1098 1933 secundi
1120 1894 1146 1934 a.
1170 1874 1239 1933 Chr.
1261 1875 1373 1932 saeculi

234 1977 393 2034 dimidium
423 1972 488 2051 (cfr.
510 1975 650 2034 strabon.
675 1976 760 2034 XIll.
783 1995 830 2052 pg.
854 1974 930 2050 609)
953 1994 1029 2052 opus
1052 1995 1139 2034 suum
1163 1976 1375 2050 conscripsisse

233 2095 297 2136 non
326 2093 429 2152 posse.
484 2075 533 2132 De
561 2076 680 2134 Troicis
713 2077 764 2134 illo
789 2077 946 2135 Strabonis
980 2078 1049 2135 loco
1082 2078 1132 2152 agi
1159 2095 1197 2134 ex
1220 2078 1319 2152 Alope
1349 2085 1377 2132 et

234 2178 337 2236 Zeleia
361 2178 604 2235 commemoratis
627 2178 873 2235 concludendum
895 2187 952 2238 est.

331 2279 440 2336 Liceat
462 2279 535 2335 mihi
557 2277 725 2354 fragmenta
747 2279 963 2355 Palaephatea‚
994 2297 1075 2354 quae
1098 2281 1140 2336 ad
1162 2279 1275 2336 Troica
1300 2278 1375 2336 ref·

233 2382 330 2438 tenda
350 2389 429 2448 sunt,
463 2387 562 2450 elea,
595 2381 677 2455 'quae
699 2398 761 2456 quo
783 2383 964 2456 pertineant,
988 2383 1087 2440 minus
1110 2390 1225 2439 certum
1251 2389 1308 2449 est,
1331 2380 1377 2436 hic

236 2498 413 2539 enumerare
436 2489 528 2554 atque
545 2483 718 2540 examinare
742 2480 930 2557 (clnMiiller.
948 2482 1036 2541 FHG
1058 2483 1095 2540 Il.
1118 2501 1169 2559 pg.
1194 2480 1265 2542 338.
1293 2477 1375 2552 339).

750 2583 805 2657 frg.
833 2587 857 2642 l.

333 2683 438 2758 Steph.
461 2682 530 2758 Byr.
553 2700 575 2740 s.
595 2701 621 2740 v.
645 2679 835 2758 Χαριμάται·
859 2679 954 2758 ἔθνος
977 2681 1059 2758 πρὸς
1082 2686 1127 2765 τῷ
1149 2678 1283 2762 Πόντιμ
1309 2679 1377 2742 Πα-

238 2781 397 2859 λαίφατος
419 2779 454 2844 ἐν
476 2779 603 2862 ἑβδόμῳ
625 2779 770 2858 Τρωικῆς
793 2780 870 2860 (scil.
893 2783 1134 2860 περιηγησεως;
1158 2784 1288 2841 fortasse
1317 2801 1380 2840 cor·

237 2887 398 2960 rigendum
426 2886 457 2941 in
477 2880 629 2957 Τρωικῶν
652 2883 754 2962 Μῶα).
790 2883 987 2960 Κερκεταίων
1020 2883 1152 2962 ἔχονται
1176 2881 1306 2961 Μόσχοι
1332 2881 1381 2943 καὶ

238 2982 413 3062 Χαριμάται
435 2981 506 3064 (ol)
537 2985 595 3045 τού
628 2981 812 3061 Παρθενίου
845 2987 1022 3062 κρατοῦσιν
1060 2983 1106 3061 εἰς
1139 2985 1197 3047 τὸν
1230 2982 1381 3048 Εὔξεινον

239 3082 403 3162 rrovrov1).

758 3173 812 3247 frg.
835 3175 862 3231 2.

338 3271 517 3346 Harpocrat.
540 3291 563 3332 s.
579 3291 605 3333 v.
630 3268 902 3348 Μακροκέφαλοι·
925 3259 1084 3347 Ἀντιφῶν
1099 3269 1134 3332 ἐν
1156 3274 1201 3352 τῷ
1222 3269 1295 3347 περὶ
1310 3267 1383 3346 ὁμο-

240 3371 347 3449 νοίας·
371 3368 465 3448 ἔθνος
489 3371 577 3433 ἐστὶν
600 3370 687 3433 ούτω
711 3370 922 3452 καλούμενον,
952 3369 990 3434 οὗ
1014 3371 1065 3434 καὶ
1085 3363 1240 3450 Ἡσίοδος
1266 3371 1379 3448 μέμνη-

239 3492 290 3535 ται
315 3471 350 3534 ἐν
370 3463 400 3545 γ’
420 3474 580 3545 γυναικῶν
603 3471 782 3554 καταλόγῳ,
828 3472 1043 3550 Παλαίφατος
1066 3472 1101 3535 ἐν
1124 3472 1148 3536 Z‘
1171 3471 1324 3550 Τρωικῶν
1347 3472 1380 3534 ἐν

241 3579 278 3655 τῇ
302 3572 421 3656 ’[Λιβύῃ
445 3574 545 3651 φησὶν
568 3573 718 3652 ὑπεράνω
735 3575 867 3654 Κόλχων
883 3574 980 3639 οἰκεῖν
995 3576 1074 3651 τοὺς
1088 3575 1380 3654 Μακροκεφάλους.

677 3754 679 3764 Ι
768 3680 820 3756 frg.
845 3683 872 3740 3.

342 3778 522 3853 Harpocrat.
544 3797 568 3836 s.
592 3798 617 3838 v.
652 3776 843 3854 Δυσαύλης·
867 3775 1051 3854 Δείναρχος
1082 3776 1117 3839 ἐν
1150 3781 1188 3858 τῇ
1222 3777 1295 3854 περὶ
1325 3782 1381 3854 τῆς

241 3875 361 3953 ἱερείας
384 3876 575 3958 διαδικασίᾳ,
598 3875 625 3938 εἰ
646 3878 790 3955 γνήσιος.
834 3869 1074 3954 Ἀσκληπιάδης
1098 3875 1126 3940 δ’
1149 3877 1184 3941 ἐν
1207 3869 1232 3939 δ’
1258 3876 1385 3959 Τραγῳ-

243 3977 408 4053 δουμένων
438 3977 494 4040 τὸν
518 3977 695 4055 Δυσαύλην
718 3978 901 4056 αὐτόχθονα
926 3977 1007 4041 εἶναί
1028 3995 1119 4056 φησι,
1143 3979 1384 4056 συνοικήσαντα

245 4079 281 4142 δὲ
302 4077 422 4156 Βαυβοῐ
453 4081 544 4156 σχεῖν
579 4081 696 4156 παῖδας
729 4079 930 4157 Πρωτονόην
962 4099 996 4142 τε
1032 4081 1083 4142 καὶ
1108 4079 1218 4142 Νίσαν.
1264 4079 1384 4142 Παλαί-

247 4179 445 4198 --.-Δ......

346 4232 372 4296 1)
401 4233 499 4282 Omnes
526 4233 690 4281 coniecturas
721 4235 753 4282 ad
781 4233 831 4282 hoc
860 4235 908 4296 srg.
936 4234 1052 4297 prolatas
1081 4240 1198 4299 repetere
1231 4235 1312 4301 nolo;
1343 4236 1385 4285 cfr.

245 4320 388 4370 Miillerum
408 4328 434 4370 et
452 4321 611 4370 Meinekium
630 4321 717 4386 steph.
737 4323 801 4385 Byz.
821 4337 864 4386 pg.
884 4319 945 4386 688,
965 4322 1081 4387 quiquo
1101 4322 1155 4371 iure
1174 4322 1258 4374 dicat:
1281 4325 1384 4388 „Ionice

247 4409 380 4474 scripsisse
398 4409 588 4474 Palaephatum
606 4410 683 4458 etiam
703 4409 809 4458 aliunde
829 4408 957 4475 constat“,
977 4411 1078 4462 nescio,
