2914 4980
592 311 731 365 ...13-

86 509 150 567 τας
171 487 257 567 ἔχειν
280 483 468 566 ἐλεφάντων
499 486 557 551 τὸν
591 485 717 564 Κάδμον
750 485 836 561 λέγει
869 483 1005 548 ἐλθόντα
1028 485 1063 548 ἐκ
1084 483 1236 563 Φοινίκης

88 589 142 652 καὶ
163 589 301 666 τούτους
324 588 556 666 διασπείραντα
579 587 762 665 συμμαχίαν
783 589 893 664 λαχεῖν
916 587 996 650 κατὰ
1018 589 1075 649 τοῦ
1092 585 1236 665 ἀδελφοῦ

88 690 201 755 αὐτοῦ.
252 693 327 752 Mihi
354 694 478 768 quidem
505 691 643 769 Tzetzes‚
676 711 745 750 cum
772 692 848 749 haec
871 692 1024 760 scriberet,
1059 690 1235 765 Palaephati

88 797 191 852 locum
224 787 305 870 (cap.
329 793 385 866 Vll
420 813 482 851 non
514 795 589 852 satis
623 794 770 851 memoria
802 794 939 850 tenuisse
972 793 1102 850 videtur.
1146 791 1234 857 Item,

88 914 171 971 quae
205 896 279 953 dicit
312 895 463 952 Eusebius
497 890 614 969 (chron.
640 897 700 954 700
716 890 784 971 (H.)
808 897 868 952 710
890 888 954 967 (A.)
978 893 1014 951 ΙΙ.
1038 911 1087 968 pg.
1111 893 1161 951 42.
1184 890 1236 962 43)

85 994 166 1071 τοὺς
199 994 235 1056 δέ
268 991 517 1070 πλησιοχώρους
551 990 721 1070 αἰφνιδίως
755 989 952 1068 ἐπελθόντας
987 990 1075 1074 αὐτῷ
1111 991 1164 1054 διὰ
1197 990 1235 1053 τὸ

85 1093 292 1172 πανταχόθεν
314 1093 360 1172 ιίις
374 1092 438 1157 ἀπὸ
451 1099 510 1171 γῆς
526 1096 657 1172 συρρεῖν
672 1095 740 1156 κατ’
757 1093 856 1157 αὐτὸν
872 1091 1041 1171 Σπάρτους
1057 1092 1235 1171 ὠνόμασεν,

84 1197 133 1274 ιίις
157 1195 371 1274 Παλαίφατος
405 1194 439 1260 έν
462 1194 574 1278 πρώτῃ
598 1195 688 1274 φησί,
725 1215 794 1255 cum
827 1197 1017 1271 Palaephato
1048 1214 1111 1253 non
1145 1197 1235 1270 plane

86 1308 271 1376 congruunt,
293 1317 371 1374 quae
394 1299 565 1357 differentia
589 1300 718 1358 fortasse
741 1317 758 1354 e
781 1298 960 1374 Palaephati
983 1298 1052 1355 loco
1076 1315 1138 1354 non
1161 1299 1234 1354 satis

85 1401 244 1459 intellecto
267 1401 314 1458 vel
336 1401 535 1476 neglegenter
557 1402 695 1475 inspecto
718 1409 786 1458 orta
811 1407 867 1458 est.
941 1453 946 1462 ,

188 1501 317 1559 Nonnus
338 1511 448 1561 narrat.
479 1504 529 1560 ad.
554 1501 646 1577 Greg.
677 1503 787 1562 invect.
810 1501 832 1562 Ι.
857 1501 895 1558 65
922 1499 1151 1571 (Westermann
1172 1498 1236 1573 My-

86 1605 190 1679 thogr.
212 1621 263 1679 pg.
287 1605 356 1662 376.
390 1621 456 1678 cap.
480 1599 590 1678 XLIII)
613 1603 702 1662 dicit:
742 1599 912 1676 Κύκλωπες
943 1599 980 1662 δὲ
1007 1597 1168 1675 ἐλέγοντο,
1191 1595 1236 1676 ὠς

85 1703 146 1780 μέν
168 1700 328 1776 Ἡσίοδος,
360 1698 409 1763 ότι
424 1699 494 1796 ιἕνα
517 1698 605 1779 είχον
635 1703 810 1778 κυκλοτερῆ
840 1697 1011 1778 ὀφθαλμὸν
1034 1699 1069 1762 ἐν
1091 1703 1129 1780 τῇ
1152 1695 1235 1775 ὄψει,

86 1805 135 1882 ὡς
162 1803 198 1866 δὲ
231 1799 454 1879 Παλαίφατος,
490 1800 539 1865 ότι
575 1805 749 1880 κυκλοτερῆ
784 1822 855 1866 τινα
889 1803 993 1878 νῆσον
1026 1801 1144 1883 ᾤκουν.
1188 1801 1236 1860 De

87 1906 275 1984 Cyclopibus
299 1908 383 1980 apud
406 1905 627 1982 Palaephatum
654 1906 727 1963 nihil
749 1908 924 1982 reperimus,
959 1923 1018 1962 nec
1037 1923 1108 1962 vero
1130 1913 1235 1980 potest

86 2009 228 2076 dubitari,
261 2007 334 2081 quin
357 2007 524 2084 Cyclopum
549 2008 680 2065 nominis
713 2008 923 2082 interpretatio
952 2025 969 2064 a
1001 2006 1113 2064 Nonno
1143 2006 1235 2064 allata

86 2130 127 2168 ex
145 2111 324 2189 Palaephati
344 2111 465 2184 integro
487 2127 579 2184 opere
599 2111 763 2185 desumpta
778 2112 825 2176 sit,
849 2109 874 2166 si
890 2108 1072 2167 conferimus
1088 2107 1234 2182 Palaeph.

84 2233 159 2290 acp.
189 2214 258 2275 XX.
283 2211 383 2272 XXV.
411 2212 475 2279 XL,
508 2212 560 2269 ubi
591 2213 726 2268 eundem
753 2211 816 2270 fere
839 2212 869 2268 in
892 2212 1019 2268 modum
1041 2204 1233 2284 τρικάρηνος

85 2323 119 2373 et
155 2310 380 2390 ἑκατογχεῖρες
414 2313 651 2386 significationes
687 2314 805 2371 urbium
836 2313 1009 2370 nominibus
1037 2310 1233 2386 explicantur.

84 2418 252 2476 Praeterea
284 2417 366 2474 vocis
402 2411 645 2490 μυριόφθαλμος
674 2415 927 2492 significationem
950 2412 1172 2488 Palaephatum
1195 2412 1233 2469 si·

85 2518 200 2574 militer
219 2519 449 2592 interpretatum
472 2533 539 2573 esse
555 2534 593 2571 ex
608 2516 760 2573 Eustathii
775 2515 874 2572 verbis
891 2513 1141 2572 concludendum
1165 2529 1233 2569 esse

85 2628 165 2695 puto
187 2616 233 2692 (in
256 2617 367 2692 Odyss.
390 2617 444 2676 IV.
468 2635 518 2692 pg.
546 2619 634 2676 1504.
657 2619 696 2676 53
720 2635 785 2692 sqq.
809 2618 856 2677 ed.
882 2615 1000 2688 Rom.):
1037 2610 1177 2673 ἐνταῦθα
1199 2609 1235 2673 δέ

84 2716 286 2794 προςθετέον
316 2713 423 2786 εἰπεῖν,
457 2713 507 2778 ὅτι
540 2713 684 2792 καθάπερ
710 2715 776 2778 ἐκεῖ
796 2714 835 2777 τὸ
856 2717 914 2778 τοῦ
938 2712 1038 2790 μύθου
1060 2713 1235 2788 καχεκτοῦν

85 2815 162 2894 εὗρέ
185 2837 214 2880 τι
236 2815 429 2896 θεράπευμα,
459 2814 545 2879 οὕτω
574 2815 627 2878 καὶ
651 2816 691 2878 τὰ
714 2815 817 2879 ἐκεῖσε
838 2812 1094 2893 παραπεπηγότα
1116 2812 1234 2890 τέρατα

84 2920 125 2982 τὸ
154 2917 393 2996 πολυκέφαλον,
425 2917 463 2980 τὸ
497 2916 746 2996 μυριόφθαλμον
778 2917 829 2979 καὶ
852 2917 890 2979 τὸ
911 2919 976 2980 τῶν
999 2914 1235 2993 ἑκατογχείρων

85 3018 201 3097 ἔχουσι
224 3018 276 3081 καὶ
295 3017 377 3082 αὐτὰ
389 3019 467 3096 τοὺς
484 3017 735 3098 θεραπεύοντας·
754 3018 859 3082 ὁποῖοί
874 3037 960 3096 τινες
975 3017 993 3081 ὁ
1009 3016 1234 3096 Παλαίφατος,

86 3111 331 3198 ὁἩράκλειτος
363 3119 436 3198 οὐχὶ
458 3119 477 3182 ὁ
499 3119 679 3198 σκοτεινάς,
713 3117 781 3183 ἀλλ’
805 3117 918 3198 ἕτερός
952 3139 1001 3197 τις
1037 3117 1146 3195 ὁτοῑς
1168 3115 1234 3180 ἀπί-

86 3235 181 3299 στοις
202 3221 402 3300 προθέμενος
426 3221 567 3299 ἐμφῆναι
589 3221 704 3285 πίστιν.

187 3325 366 3383 Eustathius
394 3327 426 3382 in
448 3325 558 3401 Odyss.
582 3326 603 3384 l.
635 3344 686 3400 pg.
712 3327 800 3386 1382.
825 3328 865 3385 47
889 3343 963 3401 sqq.,
995 3324 1152 3400 quomodo
1176 3323 1235 3380 Pa-

85 3425 249 3500 laephatus
283 3425 416 3484 fabulam
448 3427 488 3482 de
522 3427 613 3484 muris
637 3426 778 3484 Troianis
809 3445 827 3482 a
850 3426 996 3502 Neptuno
1031 3434 1062 3482 et
1093 3423 1234 3500 Apolline

85 3526 255 3584 aedificatis
288 3527 504 3603 interpretatus
538 3529 584 3596 sit,
620 3527 665 3586 his
699 3529 797 3585 verbis
832 3528 935 3586 refert:
972 3524 1025 3586 καὶ
1057 3521 1158 3599 μῦθός
1185 3541 1233 3599 τις

85 3621 202 3686 ὕπεστι
225 3623 329 3697 λέγων
350 3623 413 3688 ὑπὸ
436 3621 642 3704 Ἀπόλλωνος
671 3625 722 3688 καλ
751 3625 965 3703 Ποσειδῶνος
988 3627 1154 3699 κτισθῆναι
1175 3623 1234 3699 τὴν

84 3723 192 3787 Ἴλιον.
214 3723 291 3788 ὅθεν
311 3723 363 3787 καὶ
384 3723 473 3802 ἱερὸν
485 3726 676 3804 πτολίεθρον
691 3725 817 3804 Τροίης,
832 3725 877 3803 ιὶις
896 3723 1083 3788 θεόκτιστον
1099 3723 1235 3797 λέγεται.

85 3825 242 3903 θεραπεία
266 3827 301 3889 δὲ
324 3829 382 3889 τοῦ
406 3825 506 3904 μόθου
529 3826 610 3890 κατὰ
627 3827 854 3904 Παλαίφατον,
878 3825 928 3890 ότι
949 3824 1093 3903 κειμήλια
1116 3822 1234 3894 Ποσει-

84 3925 193 4004 δῶνός
216 3945 250 3990 τε
273 3925 325 3989 καὶ
344 3925 553 4004 ’Λπόλλωνος
577 3926 626 4005 εἰς
649 3925 838 4005 ἀνοικισμὸν
870 3931 928 4004 τῆς
949 3916 1040 3989 Ἰλίου
1063 3923 1127 3988 ὑπὸ
1151 3923 1235 3988 Λαο-

87 4027 247 4105 μέδοντος
268 4029 484 4105 δεδαπάνητο.
540 4031 641 4104 Quam
664 4033 797 4088 fabulam
820 4033 904 4107 apud
927 4031 1150 4107 Palaephatum
1171 4048 1235 4087 non

83 4132 264 4208 reperimuS,
302 4133 357 4189 sed
394 4135 478 4207 apud
516 4135 709 4208 Anonymum
746 4135 786 4190 de
822 4133 1049 4190 incredibilibus
1088 4149 1155 4207 cap.
1182 4129 1234 4189 VI.

83 4232 315 4309 (Westermann
337 4233 483 4309 Mythogr.
505 4252 556 4308 pg.
577 4229 666 4306 322);
698 4235 931 4310 explicationem
967 4233 1048 4291 illam
1071 4231 1234 4290 abhorrere

83 4357 102 4394 a
120 4335 302 4411 Palaephati
324 4335 626 4410 interpretationibus
649 4353 740 4393 nemo
764 4337 829 4408 erit,
857 4336 908 4411 qui
924 4337 1102 4393 contendat.
1126 4333 1234 4409 Neque

84 4436 247 4495 verisimile
271 4445 318 4494 est
340 4436 545 4505 Eustathium,
584 4438 695 4514 quippe
729 4439 780 4514 qui
815 4447 861 4496 tot
894 4439 977 4496 locos
1003 4457 1022 4495 e
1046 4436 1233 4512 Palaephato
