2914 4980
573 313 734 374 Η,49-

80 515 111 552 se
143 495 247 565 habet,
283 495 490 570 Palaephatus
525 511 649 569 quoque
682 501 753 568 post
775 492 906 550 Neronis
928 501 1069 568 tempora
1091 495 1223 552 libellum

80 614 165 653 suum
189 597 408 670 conscripsisse
430 613 493 653 non
515 605 626 672 potest.

177 696 403 754 Novissimi'ex
426 698 478 771 eis,
503 698 554 772 qui
575 697 607 753 in
630 699 848 755 commentario
866 699 1071 776 nominantur,
1094 716 1222 773 quorum

84 798 205 870 quidem
230 808 316 854 aetas
339 807 470 864 constet,
493 807 562 856 sunt
587 799 734 855 Asconius
758 798 912 855 Pedianus
934 797 997 873 (pg.
1022 803 1049 858 7.
1067 797 1118 874 7);
1142 799 1223 856 Gae-

81 901 186 957 tulicus
211 899 272 975 (pg‚
295 899 426 976 38:12),
451 899 573 958 Persius
597 898 660 975 (pg.
678 902 726 959 97.
744 901 791 972 7);
815 903 855 957 de
880 902 1008 958 aliorum
1030 907 1133 957 aetate
1152 899 1223 955 nihil

80 1009 206 1058 constat.
251 1002 395 1078 Fuerunt,
419 1003 470 1075 qui
487 1001 586 1060 Iahnii
605 1003 788 1058 sententiam
811 1002 947 1059 refellere
970 1002 1138 1075 studerent,
1155 1018 1223 1058 cum

80 1101 237 1159 Aemilium
259 1101 399 1176 Asprum,
435 1103 486 1176 qui
510 1111 555 1160 ter
577 1097 640 1178 (pg.
665 1105 712 1160 15.
737 1104 792 1171 24;
829 1105 874 1162 19.
899 1105 932 1176 9;
967 1098 1095 1178 9211)
1127 1103 1224 1159 norni-

80 1212 175 1268 natur,
207 1212 277 1276 post
298 1202 430 1260 Probum
462 1203 600 1261 floruisse
623 1205 834 1260 demonstrare
857 1213 1049 1262 conarentur.
1108 1201 1223 1260 Omnes

80 1305 229 1360 eiusmodi
262 1305 434 1360 sententiae
466 1304 595 1362 collecta
628 1313 699 1360 sunt
731 1304 1006 1361 aLammerhirtio
1035 1300 1223 1377 (Comment.

80 1405 147 1479 phil.
170 1405 289 1463 Ienens
315 1405 372 1464 vol.
396 1405 450 1464 IV.
477 1406 557 1464 1890
578 1423 628 1480 pg.
653 1408 712 1464 401
740 1402 829 1480 sqq.),
864 1407 915 1481 qui
945 1407 1084 1463 evincere
1107 1405 1224 1462 studuit

81 1507 211 1582 Asprum
234 1517 287 1564 aut
309 1507 469 1582 aequalem
490 1507 583 1564 fuisse
606 1507 768 1564 Frontonis
791 1515 844 1563 aut
865 1517 937 1581 post
958 1493 1040 1563 eum'
1053 1507 1223 1582 scripsisse.

79 1607 139 1664 Sed
160 1626 240 1682 quae
262 1607 387 1684 profert,
421 1609 512 1683 plane
545 1609 659 1666 nullam
690 1608 914 1683 probabilitatis
942 1608 1076 1682 speciem
1099 1607 1222 1668 habent.

80 1710 187 1784 Itaque
216 1727 285 1767 cum
308 1726 399 1768 nemo
422 1709 524 1766 adhuc
553 1709 809 1766 demonstraverit
831 1709 964 1784 Asprum
998 1718 1068 1782 post
1092 1707 1224 1768 Probum

79 1811 199 1880 vixisse,
229 1821 322 1886 atque
354 1827 471 1879 omnes,
503 1827 632 1884 quorum
659 1811 783 1886 quidem
807 1813 941 1868 aetatem
963 1818 1107 1867 accurate
1130 1829 1224 1868 nove-

80 1913 179 1986 rimne,
216 1913 379 1988 scriptores
409 1912 441 1968 in
470 1912 520 1970 Ps.
551 1911 640 1970 Probi
672 1911 897 1969 commentariis
931 1912 1106 1968 nominatos
1131 1897 1221 1968 ⁴ultra

81 2011 252 2070 Flaviorum
267 2014 483 2089 imperatorum
498 2022 634 2070 aetatem
648 2031 712 2070 non
727 2013 836 2071 vixisse
852 2021 982 2087 constet,
1000 2013 1224 2087 Palaephatum

82 2131 204 2188 quoque
227 2113 319 2170 libelli
352 2111 425 2188 περὶ
447 2108 591 2173 ἀπίστων
623 2114 759 2188 inscripti
792 2122 951 2171 auctorem
978 2123 1051 2171 ante
1074 2113 1124 2170 illa
1147 2123 1224 2170 tem·

82 2231 154 2287 pora
176 2215 287 2272 vixisse
309 2216 543 2272 concedendum
566 2223 620 2273 est.

179 2316 322 2375 Fortasse
355 2317 474 2392 longius
509 2317 601 2374 etiam
633 2317 801 2391 procedere
823 2324 853 2372 et
882 2315 965 2392 inde,
1002 2317 1086 2390 quod
1119 2316 1222 2390 ultimi,

84 2433 156 2489 quos
179 2415 267 2472 Theo
296 2419 326 2474 in
348 2419 622 2493 progymnasmatis
646 2418 784 2474 nominat
806 2427 959 2494 auctores,
993 2417 1071 2475 ultra
1095 2419 1224 2491 Augusti

83 2525 218 2592 tempora
249 2535 312 2576 non
344 2503 480 2578 vixerunt
504 2519 714 2595 [Hoppichler.
738 2536 788 2594 pg‚
813 2513 876 2594 35),
917 2518 1099 2576 concludere
1130 2521 1222 2590 nobis

83 2618 149 2675 licet
171 2618 392 2694 Palaephatum
415 2639 541 2696 quoque¹
559 2634 630 2696 post
653 2623 824 2695 Augustum
846 2637 909 2677 non
932 2619 1034 2678 fuisse.

564 3037 677 3116 Caput
699 3039 741 3101 V.

181 3225 375 3301 Quamquam
404 3227 482 3283 intra
513 3226 716 3284 ducentorum
750 3225 813 3282 fere
836 3243 987 3283 annorum
1010 3227 1144 3302 spatium
1167 3226 1224 3284 Pa·

81 3329 212 3404 laephati
233 3336 368 3386 aetatem
389 3327 573 3396 inclusimus,
609 3328 652 3383 ita
684 3335 717 3383 ut
747 3327 862 3402 aliquid
885 3327 993 3385 saltem
1015 3329 1088 3386 certi
1112 3329 1222 3386 consti-

83 3432 236 3498 tuerimus
272 3438 376 3488 tamen
406 3445 444 3486 ea
473 3446 505 3484 re
536 3444 600 3485 non
629 3429 721 3502 plane
753 3429 891 3485 contenti
913 3429 1034 3505 longius
1057 3431 1225 3506 procedere

82 3551 235 3592 conemur.

181 3635 348 3692 Artioribus
371 3633 481 3690 finibus
500 3642 533 3690 ut
545 3632 722 3708 Palaephati
746 3642 881 3691 aetatem
900 3633 1224 3707 circumscriberemuS,

80 3738 168 3794 nobis
192 3737 391 3811 contingeret,
427 3737 452 3792 si
482 3735 546 3792 libri
571 3736 611 3791 de
633 3735 860 3792 incredibilibus
889 3743 1046 3791 auctorem
1077 3753 1146 3792 cum
1168 3734 1225 3791 Pa-

81 3839 224 3914 laephato
246 3839 307 3906 illo,
330 3839 381 3913 qui
397 3833 524 3911 Τρωικά
548 3837 674 3911 scripsit.
699 3838 784 3894 cuius
808 3838 909 3911 operis
932 3815 1078 3892 nonnulla
1101 3844 1226 3894 exstant

81 3941 262 4016 fragmenta,
285 3941 472 4012 coniungere
495 3938 610 3994 liceret,
640 3937 709 3994 Hoc
724 3954 847 4012 quoque
870 3954 947 4012 opus
962 3938 1010 3993 cui
1026 3937 1223 3994 tribuendum

81 4053 173 4108 esset,
205 4043 265 4099 iarn
296 4039 409 4098 Suidae
432 4049 539 4098 auctor
561 4040 698 4098 nescivit.
753 4039 863 4096 Miiller
885 4056 966 4107 vero,
989 4039 1041 4112 qui
1064 4035 1151 4094 FHG
1172 4037 1224 4097 111.

80 4163 129 4220 pg.
144 4144 205 4203 573
229 4144 268 4200 ad
290 4143 406 4202 Philon.
431 4141 463 4200 fr.
490 4143 527 4199 10
551 4141 640 4199 dicit:
660 4140 889 4216 ,Palaephaturn
913 4140 964 4215 qui
987 4139 1027 4195 de
1051 4139 1138 4196 rebus
1160 4157 1222 4213 my·

81 4245 167 4303 thicis
201 4261 366 4319 earumque
397 4243 648 4318 interpretatione
683 4243 764 4297 varia
796 4241 924 4314 scripsit,
948 4239 1129 4296 Troicorum
1151 4257 1223 4296 auc-

80 4357 178 4404 torem
200 4346 298 4415 lnisse,
331 4355 362 4403 et
385 4345 485 4404 Christ
507 4341 536 4419 (l.
552 4361 577 4401 c.
603 4339 746 4417 V112pg.
769 4339 853 4416 476),
876 4341 929 4418 qui
951 4342 1067 4400 scribit:
1093 4339 1221 4410 „Wahr

81 4448 245 4508 scheinlich
269 4466 329 4505 war
350 4465 442 4505 unser
464 4445 680 4520 Palaephatus,
708 4445 765 4502 der
784 4445 834 4502 ein
856 4443 1059 4518 Zeitgenosse
1081 4443 1137 4498 des
1161 4441 1221 4501 Flu·
