2914 4980
574 284 737 339 ..59-

179 465 220 524 ΙΙ.
244 459 459 538 Παλαίφατος
481 449 660 538 Ἀβυδηνὸς
684 457 856 536 ἱστορικός.
875 455 1048 536 Κυπριακύ,
1064 456 1222 535 Δηλιακά,

80 551 214 632 Ἀττικά,
237 556 397 638 Ἀραβικά.
421 560 536 634 γέγονε
569 559 604 622 δὲ
627 559 677 622 ἐπὶ
699 549 910 636 Ἀλεξάνδρου
937 563 995 621 τού
1018 559 1221 638 Μακεδόνος,

78 661 206 726 παιδικά
229 663 264 726 δὲ
285 661 530 738 Ἀριστοτέλους
560 663 617 723 τού
641 658 839 736 φιλοσόφου,
867 659 912 737 ως
930 649 1043 724 ΙΦίλων
1065 661 1100 724 ἐν
1123 667 1168 744 τῷ
1191 663 1223 724 ε’

78 763 226 847 στοιχείῳ
245 767 303 827 τοῦ
319 762 392 840 περὶ
413 761 598 839 παραδόξου
620 761 766 839 ἱστορίας
791 759 910 840 βιβλίου
928 763 964 823 α’
979 761 1031 824 καὶ
1046 759 1220 840 Θεόδωρος

79 865 96 929 ὁ
117 865 229 942 Ἰλιεὺς
252 864 287 926 ἐν
310 865 343 942 β’
365 863 525 940 Τρωικῶν.

177 969 235 1028 ΙΙΙ.
259 964 476 1041 Παλαίφατος
509 962 681 1042 Αἰγύπτιος
717 962 750 1044 [ἢ
772 953 966 1044 Ἀθηναῑοςί
993 967 1220 1045 γραμματικός.

78 1065 291 1143 Αἰγυπτιακὴν
311 1065 490 1140 θεολογίαν,
514 1068 651 1143 μυθικῶν
669 1066 789 1145 βιβλίον
805 1068 849 1141 α’,
874 1066 983 1145 λύσεις
1002 1071 1068 1132 τῶν
1084 1072 1222 1146 μυθικῶς

79 1167 263 1246 εἰρημένων,
297 1165 470 1244 ὑποθέσεις
492 1165 537 1244 εἰς
561 1167 748 1245 Σιμωνίδην,
782 1167 917 1244 Τρωικά,
942 1167 963 1230 ά
985 1189 1071 1247 τινες
1095 1168 1141 1248 εἰς
1165 1170 1222 1234 τὸν

75 1271 254 1350 Ἀθηναῖον,
291 1269 374 1345 τινὲς
408 1270 444 1332 δὲ
475 1267 520 1348 εἰς
554 1269 612 1332 τὸν
635 1268 760 1346 Πάριον
794 1268 983 1347 ἀνήνεγκαν.
1016 1269 1139 1349 ἔγραφε
1170 1272 1222 1335 καί

77 1369 224 1448 ἱστορίαν
247 1369 338 1434 ἰδίαν.

178 1475 227 1532 De
249 1476 433 1550 singulorum
456 1477 592 1532 locorum
616 1476 768 1551 scripturis
792 1493 872 1550 quae
895 1477 1051 1534 afferenda
1071 1479 1223 1555 videntur,

78 1577 156 1634 haec
176 1585 261 1634 sunt:
284 1577 326 1634 ad
347 1576 369 1634 1.
393 1571 518 1650 Πάριος
540 1571 559 1648 ἢ
584 1569 759 1652 Πριηνεύς]
790 1575 972 1634 Gutschmid
995 1579 1128 1636 coniecit
1149 1579 1222 1636 olim

9 1741 10 1744 ς
79 1679 224 1752 scriptum
258 1675 352 1734 fuisse
384 1672 569 1750 Παριηνεύς
602 1677 713 1734 collato
746 1677 849 1752 Steph.
884 1677 953 1750 Byz.
989 1696 1011 1739 s.
1034 1698 1062 1736 v.
1085 1674 1220 1754 Πάριον.

9 1799 10 1802 ’
79 1778 283 1836 Gutschmidii
306 1777 452 1852 opinione
485 1777 533 1834 hic
554 1777 755 1850 Palaephatus
786 1795 887 1853 neque
910 1779 1015 1837 Parius
1043 1780 1099 1837 suit
1120 1798 1221 1858 neque

9 1863 10 1868 ἰ
78 1880 260 1954 Prienensrs,
298 1880 354 1936 sed
387 1879 465 1936 Parii
497 1887 596 1942 natus,
633 1879 663 1934 in
690 1879 806 1954 oppido
830 1881 871 1936 ad
894 1879 1131 1956 Hellespontum
1152 1885 1221 1955 sito,

78 1983 164 2040 cuius
197 1981 319 2038 incolae
350 1989 382 2036 et
406 1976 525 2054 Πάριοι
559 1990 589 2037 et
610 1975 784 2054 Παριανεῑς
812 1977 856 2059 (in
879 1983 999 2040 duobus
1022 1982 1126 2058 Steph.
1150 1983 1220 2060 Byz.

78 2085 170 2143 codd.
196 2079 395 2158 Παριηνεύς)
432 2081 671 2158 appellabantur.
731 2079 820 2152 Quae
856 2084 1034 2140 coniectura
1068 2085 1093 2140 si
1126 2086 1220 2142 modo

79 2204 150 2242 vera
174 2195 231 2250 est,
264 2185 374 2241 rectius
400 2202 470 2240 mea
496 2185 621 2258 quidem
643 2185 794 2240 sententia
818 2185 1016 2242 scriberetur:
1053 2180 1179 2260 Πάριος
1200 2182 1219 2258 ἢ

77 2281 263 2360 Παριηνεύς
295 2273 343 2362 (id'
363 2287 448 2360 quod
478 2284 661 2342 Gutschmid
688 2286 821 2342 voluisse
849 2282 986 2361 videtur),
1026 2305 1096 2344 nam
1127 2288 1221 2344 etiam

7 2451 8 2456 γ
77 2389 134 2444 sub
157 2387 338 2462 Palaephati
360 2387 489 2462 Aegypt.
522 2388 646 2443 nomine
671 2387 874 2461 Palaephatus
897 2388 1003 2446 Parius
1038 2391 1219 2460 nominatur,

76 2492 119 2546 ita
153 2497 187 2545 ut
219 2488 300 2545 hanc
333 2506 439 2545 vocem
473 2506 596 2563 prorsus
619 2507 636 2545 e
660 2489 773 2546 Suidae
805 2497 879 2545 nota
902 2489 926 2546 Ι.
951 2489 1106 2546 eliminare
1136 2490 1219 2548 nullo

7 2569 8 2572 ἰ
75 2591 169 2647 modo
194 2590 292 2651 liceat.
323 2590 400 2646 Fieri
424 2598 527 2645 autem
549 2598 659 2664 potest,
681 2599 714 2646 ut
735 2590 859 2646 omniuo
879 2589 938 2646 hoc
958 2589 1027 2647 loco
1045 2591 1219 2648 coniectura

76 2708 153 2765 opus
177 2708 239 2746 non
263 2690 309 2758 sit,
343 2689 513 2746 necessaria
549 2699 632 2746 certe
668 2707 730 2746 uon
762 2699 819 2748 est.
865 2689 954 2762 Quae
979 2689 1163 2746 Gutschmid
1188 2699 1220 2748 et

75 2799 146 2865 post
167 2808 238 2846 eum
253 2791 347 2847 Festa
369 2789 427 2846 hac
450 2791 628 2854 coniectura
650 2791 775 2864 aliisque
798 2791 880 2848 haud
895 2793 992 2866 magis
1010 2791 1219 2865 probabilibus

76 2893 133 2950 nisi
155 2891 212 2948 sibi
234 2899 477 2959 construxerunt,
500 2909 538 2949 ea
560 2891 652 2966 paula
676 2892 754 2948 infra
776 2892 1025 2952 examinabimus,

174 2993 237 3050 Sub
258 2993 351 3052 finem
366 2995 455 3052 huius
471 2997 591 3069 glossae
609 2996 722 3070 aliquid
746 2997 897 3053 excidisse
920 3014 988 3052 cum
1004 2997 1221 3054 arbitrarentur

76 3094 251 3170 Bernhardy
285 3103 316 3152 et
339 3095 442 3164 Flach,
478 3096 526 3152 ille
561 3105 631 3170 post
666 3097 756 3152 verba
790 3095 874 3170 πλὴν
902 3094 953 3156 καί
976 3092 1075 3172 οὗτος
1098 3093 1221 3171 ἔγραψε

76 3194 195 3270 supplet
216 3192 288 3270 περὶ
308 3192 495 3270 παραδόξου
516 3193 672 3272 ἱστορίας,
695 3197 789 3254 Flach
809 3199 950 3255 lacunam
974 3199 1099 3257 indicat.
1124 3198 1219 3255 Recte

76 3297 220 3371 cognovit
253 3296 434 3354 Gutschmid
471 3293 592 3358 ἄπιστα
623 3299 862 3372 intelligendum,
903 3299 976 3355 nihil
1014 3300 1220 3375 supplendum

77 3397 189 3470 e'sse1).

174 3499 215 3555 ad
232 3498 273 3556 II.
312 3497 425 3555 Totam
459 3500 549 3558 vitam
576 3519 594 3556 e
616 3501 781 3558 Ptolemaei
804 3500 1048 3575 Hephaestionis
1075 3518 1155 3558 nova
1175 3501 1220 3557 hi·

78 3600 170 3656 storia
193 3600 239 3657 vel
263 3617 299 3657 ex
323 3600 409 3656 simili
432 3617 525 3675 opere
557 3602 680 3658 fluxisse
703 3603 874 3676 suspicatus
899 3611 946 3658 est
969 3601 1107 3659 Hercher
1129 3598 1220 3677 (Νον.

76 3705 154 3762 Ann.
176 3703 246 3778 phil.
269 3703 372 3779 Suppl.
398 3703 419 3759 l.
445 3705 524 3764 1855
547 3723 596 3779 pg.
621 3705 679 3763 286
705 3706 776 3760 adu.
800 3699 865 3782 22),
896 3706 979 3778 quod
1003 3699 1219 3778 Παλαίφατος

79 3838 100 3843 -..
114 3836 277 3844 -.---.-..

173 3901 199 3967 1)
219 3903 332 3952 Prorsus
354 3903 473 3965 geminus
499 3903 574 3951 locus
595 3909 678 3952 exstat
697 3920 717 3955 s.
738 3921 763 3954 v.
784 3904 900 3967 Μόσχος
920 3903 1119 3968 Συρακούσιος,
1137 3918 1220 3968 γραμ-

77 3990 197 4052 ματικός,
226 3989 409 4056 Ἀριστάρχου
428 3991 584 4055 γνώριμος·
612 3991 696 4054 οὗτος
724 3993 801 4044 ἐστιν
819 3993 834 4044 ὁ
854 3991 986 4057 δεύτερος
1004 3992 1124 4056 ποιητὴς
1152 3991 1221 4054 μετὰ

77 4076 227 4142 Θεόκριτον
246 4077 297 4130 τὸν
322 4082 381 4130 τῶν
401 4081 575 4142 βουκολικῶν
603 4080 754 4145 δραμάτων
778 4080 910 4145 ποιητήν.
930 4081 1038 4146 ἔγραφε
1064 4081 1109 4131 καί
1136 4080 1221 4143 αὐτὸς

76 4163 251 4230 (coniecturas
281 4166 313 4215 ad
342 4167 411 4215 hunc
439 4167 524 4217 locum
554 4169 669 4232 prolatas
689 4169 797 4231 collegit
816 4167 918 4236 Flach).
958 4171 1018 4217 Mea
1037 4170 1142 4232 quidem
1162 4185 1220 4220 sen.

76 4254 157 4303 tentia
184 4253 234 4302 hoc
262 4270 368 4319 quoque
386 4255 445 4304 loco
465 4257 552 4320 operis
571 4257 703 4321 inscriptio
727 4273 758 4306 ex
777 4258 864 4306 verbis
882 4257 1097 4322 praecedentibus
1117 4259 1216 4309 intelle-

77 4341 162 4406 genda
181 4357 196 4390 a
213 4341 293 4391 Suida
309 4344 405 4393 omissa
424 4351 472 4394 est.
505 4345 551 4392 Ad
571 4346 651 4394 verba
670 4345 779 4412 ἔγραψε
798 4347 843 4398 καί
863 4345 948 4408 αὐτάς
969 4355 1054 4395 mente
1074 4347 1221 4414 supplenda

77 4437 136 4478 sunt
155 4431 236 4480 verba
257 4432 406 4496 βουκολικὰ
426 4431 561 4498 δράματα.
