2914 4980
743 284 883 338 ..10-

240 456 359 516 initium
387 457 510 528 vixisse,
532 459 619 534 quod
646 464 738 516 antea
767 464 850 516 certa
872 456 936 515 eius
959 457 1075 516 mentio
1098 475 1162 516 uon
1183 457 1278 517 fieret.
1324 457 1387 516 Sed

240 568 273 618 ut
295 561 434 618 omittam
456 561 516 618 alia
537 561 602 618 eius
625 567 813 636 argumenta,
836 559 897 618 hoc
918 578 986 618 mea
1009 560 1133 636 quidem
1156 560 1310 618 sententia
1328 577 1384 634 pro

240 670 323 720 certo
335 661 394 720 dici
405 669 509 737 potest
525 660 687 718 Thoonem
708 669 1010 737 progymnasmatum
1032 669 1189 738 auctorem
1212 669 1286 718 ante
1310 661 1386 718 illud

239 770 360 838 tempus
382 763 502 822 vixisse.
554 761 654 830 Probi,
678 762 729 836 qui
751 761 867 831 dicitur,
890 763 1143 820 commentarium
1167 761 1383 837 Vergilianum,

238 864 290 923 ubi
310 863 365 938 (ad
386 879 491 938 georg.
514 862 566 922 111.
591 865 660 922 113.
689 881 740 938 pg.
765 864 813 923 60.
838 859 930 938 Keil.)
963 863 1037 921 satis
1070 871 1176 939 aperte
1209 862 1387 938 Palaephati

238 965 335 1024 nostri
364 964 467 1022 fabula
488 965 639 1032 laudatur,
663 963 810 1021 Eckstein
830 965 967 1022 nondum
989 965 1113 1022 novisse
1134 964 1264 1022 videtur.

341 1063 431 1138 Quae
453 1083 523 1124 cum
543 1065 587 1123 ita
609 1066 678 1136 sint,
701 1083 764 1122 non
779 1065 836 1122 nisi
851 1083 890 1123 ex
905 1065 972 1141 ipso
995 1066 1071 1123 libro
1093 1065 1227 1124 auctoris
1251 1073 1386 1124 aetatem

240 1166 393 1225 enucleari
413 1185 505 1244 posse
526 1167 762 1226 concedendum
784 1175 840 1227 est.
895 1167 947 1224 Ad
970 1175 1085 1226 certum
1107 1165 1198 1224 finem
1218 1184 1283 1224 non
1304 1169 1386 1244 prius

239 1269 397 1344 pervenire
430 1269 610 1344 poterimus,
645 1285 738 1344 quam
770 1269 949 1326 examinatis
979 1267 1104 1342 siugulis
1127 1268 1284 1325 vocabulis
1306 1269 1388 1326 locu·

240 1369 434 1447 tionibusque
455 1378 487 1428 et
509 1371 628 1428 collatis
652 1387 721 1428 cum
744 1369 870 1427 aliorum
894 1369 1076 1444 scriptorum
1099 1385 1240 1427 sermone
1263 1369 1389 1444 inquisi-

241 1470 379 1540 verimus,
415 1489 489 1529 num
523 1471 601 1530 forte
640 1472 723 1546 apud
754 1471 974 1546 Palaephatum
1007 1471 1156 1528 vocabula
1191 1471 1390 1549 reperiantur,

242 1589 321 1648 quae
343 1572 416 1630 inde
438 1592 457 1632 a
478 1580 563 1631 certo
586 1573 711 1631 demum
732 1580 868 1647 tempore
890 1591 910 1631 a
928 1572 1125 1648 scriptoribus
1150 1571 1277 1631 Graecis
1300 1591 1387 1632 usur-

241 1679 315 1749 pata
336 1680 417 1733 sunt.

736 2006 849 2082 Caput
871 2005 897 2066 1.

290 2220 292 2228 ·
343 2191 493 2251 Libellum
514 2187 587 2267 περὶ
609 2187 755 2254 ἀπίστων
783 2193 962 2269 inscriptum
987 2212 1051 2251 non
1074 2193 1208 2268 genuIna
1231 2191 1328 2249 forma
1350 2191 1392 2246 ad

244 2311 301 2354 nos
324 2295 501 2370 pervenisse
536 2310 628 2351 nemo
665 2293 768 2352 adhuc
800 2313 863 2352 non
895 2295 1087 2353 concessisse
1118 2294 1394 2369 videturrpraeter

245 2395 430 2454 Schefferum
463 2391 519 2469 (ad
540 2395 659 2454 Theon.
680 2396 698 2454 l.
721 2397 739 2454 l.
771 2395 824 2454 cfr.
854 2395 959 2454 Walzii
991 2392 1088 2470 edit).
1147 2393 1255 2467 Qualis
1293 2401 1394 2452 exstat

244 2497 319 2554 liber
349 2497 381 2552 in
413 2495 610 2570 editionibus
648 2514 665 2553 e
693 2497 830 2572 partibus
860 2497 1029 2556 admodum
1052 2495 1178 2555 diversis
1202 2497 1392 2572 compositus

244 2605 300 2656 est.
355 2594 490 2656 Omnino
523 2598 663 2656 eicienda
694 2615 765 2656 esse
798 2617 887 2674 capp.
918 2599 1052 2658 47—51.
1083 2599 1130 2656 vel
1154 2599 1228 2656 inde
1255 2605 1393 2674 apparet,

246 2699 331 2775 quod
357 2698 527 2756 fabularum
562 2699 784 2758 incredibilium
819 2701 1089 2776 interpretationes
1125 2719 1189 2758 non
1221 2699 1393 2769 continent,

247 2801 303 2860 sed
327 2799 476 2878 simplices
502 2802 692 2860 narrationes
714 2798 929 2876 (διηγήματα),
965 2819 1045 2878 quae
1076 2809 1177 2859 utrum
1210 2819 1301 2858 verae
1334 2801 1395 2856 sint

245 2919 355 2970 necne,
376 2919 441 2958 non
464 2902 645 2964 decernitur.
702 2903 772 2960 Huc
795 2905 925 2974 accedit,
962 2904 1047 2978 quod
1078 2903 1109 2960 in
1139 2901 1245 2978 paucis
1275 2907 1395 2958 tanturn

247 3002 404 3061 codicibus
426 3002 577 3077 leguntur.
621 3004 650 3062 A
665 3006 844 3080 corpusculo
859 3005 1068 3082 Palaephateo
1090 3011 1251 3079 praeterea
1274 3003 1394 3060 alienae

246 3111 318 3162 sunt
339 3103 460 3161 fabulae
483 3104 532 3164 52.
556 3113 587 3163 et
610 3107 660 3176 53,
683 3123 760 3182 quas
786 3105 903 3164 Tollius
924 3124 962 3163 ex
985 3106 1129 3164 chronico
1152 3103 1289 3180 paschali
1306 3105 1396 3161 addi·

250 3205 305 3279 dit,
342 3213 374 3262 et
407 3203 511 3264 fabula
541 3207 655 3282 quinta,
693 3225 773 3284 quae
806 3209 837 3266 in
859 3207 1001 3266 omnibus
1028 3205 1206 3282 Palaephati
1238 3205 1397 3264 codicibus

248 3309 346 3382 deest,
370 3327 389 3367 a
411 3307 593 3383 Palaephati
614 3326 699 3366 more
727 3310 873 3366 narrandi
893 3309 986 3384 plane
1008 3308 1163 3378 abhorret,
1186 3325 1204 3364 a
1228 3306 1397 3365 scholiasta

250 3411 291 3468 ad
304 3409 391 3470 Iliad.
406 3408 521 3470 XVIII.
534 3410 606 3469 486.
628 3409 816 3484 Euphorioni
828 3409 966 3468 tribuitur
978 3404 1011 3483 (ὴ
1026 3404 1155 3484 ἱστορία
1178 3403 1267 3482 παρὰ
1283 3403 1396 3482 Εὐφω-

252 3507 364 3588 ρίιυνι),
420 3509 587 3582 Quomodo
614 3510 646 3567 in
667 3510 848 3587 Palaephati
870 3511 1084 3587 corpusculum
1105 3509 1259 3586 irrepserit
1281 3509 1396 3568 nescio¹

351 3611 398 3669 Ne
431 3611 662 3685 inscriptionem
696 3612 820 3686 quidem
846 3611 938 3670 libelli
968 3613 1100 3670 eandem
1123 3629 1230 3669 omnes
1253 3610 1401 3668 exhibent

251 3714 383 3774 codices.
427 3712 571 3770 Nonnulli
593 3713 661 3787 ipso
685 3713 772 3770 titulo
795 3714 926 3772 solidum
954 3722 1049 3789 atque
1070 3714 1222 3788 integrum
1244 3728 1308 3769 non
1330 3729 1399 3770 esse

250 3815 433 3892 opusculum
453 3815 606 3874 indicant:
634 3812 701 3872 COc
731 3809 782 3893 (ex
804 3816 1000 3892 amplioribus
1023 3817 1116 3875 codd.
1139 3833 1198 3875 sec.
1222 3809 1400 3890 Westerm.)

250 3917 382 3976 habent:
407 3913 442 3976 ἐκ
464 3916 529 3976 τῶν
553 3915 611 3976 τοῦ
632 3911 839 3992 παλαιφάτου
858 3915 931 3994 περὶ
945 3917 1011 3978 τῶν
1026 3913 1195 3992 ἱστοριῶν;
1219 3917 1288 3976 cod.
1303 3915 1399 3977 Marc.

251 4019 363 4080 Vener.
381 4019 443 4078 509
466 4013 577 4078 ἐκτῶν
598 4015 806 4093 παλαιφάτου
820 4015 893 4094 περὶ
906 4014 1060 4094 ἱστοριῶν
1075 4013 1218 4093 ἀρχαίων
1241 4013 1401 4092 (brevioris

254 4121 361 4180 classis
397 4136 458 4178 sec.
494 4118 619 4176 Festam
640 4137 691 4194 pg.
718 4123 753 4178 ll
777 4121 848 4179 adn.
872 4117 912 4193 3),
936 4119 981 4197 VJ
1003 4121 1034 4176 et
1057 4119 1169 4176 Aldina
1191 4116 1401 4193 παλαιφάτου

250 4219 323 4298 περὶ
359 4215 504 4280 ἀπίστων
540 4213 704 4294 ἱστοριῶν,
734 4220 762 4278 R
782 4220 856 4282 παλ.
878 4217 951 4296 περὶ
973 4221 1039 4282 τῶν
1062 4214 1208 4280 ἀπίστων
1229 4214 1401 4296 ἱστοριῶν;

251 4324 324 4385 DM.
349 4322 440 4380 codd.
463 4319 613 4396 praebent
633 4322 709 4383 παλ.
724 4319 796 4398 περὶ
811 4319 966 4396 ἀπίστων,
989 4339 1082 4398 quam
1098 4321 1189 4380 unice
1205 4339 1307 4379 veram
1330 4340 1403 4380 esse

249 4425 477 4504 inscriptionem
508 4423 624 4501 primus
659 4423 809 4484 intellexit
842 4423 967 4483 Fischer
993 4419 1058 4502 (pg.
1082 4426 1111 4484 3.
1134 4422 1207 4482 edit.
1230 4417 1296 4497 VI),
1330 4441 1403 4481 nam
