2914 4980
570 305 716 361 ..9.-

70 483 356 559 sammengefliclrt“.
411 485 550 542 Frbhner
583 484 615 544 in
643 484 750 544 Philol.
782 484 886 562 Suppl.
920 484 957 545 V.
989 504 1037 562 pg.
1063 487 1113 548 35.
1139 487 1220 548 1889

71 585 157 643 dicit:
181 585 303 662 „Rilder
318 604 378 644 von
393 585 577 644 Schlachten
594 587 658 644 und
672 585 911 660 Kriegsschiffen
934 604 1047 662 passeri
1069 587 1139 646 sehr
1161 596 1218 662 gut

70 688 101 744 in
124 687 173 745 die
196 687 264 744 Zeit
292 689 348 744 des
371 688 578 762 Palaiphat0s‚
614 688 670 744 der
695 696 783 746 uuter
813 690 876 746 den
899 687 1085 747 Diadochen
1112 689 1218 763 gelebt

71 788 172 844 haben
183 805 274 847 muss.
297 785 656 858 Susemihl(Geschichte
678 789 733 844 der
755 787 869 862 griech.
884 788 998 847 Litt.in
1019 789 1076 846 der
1090 787 1221 846 Alexan·

71 889 232 946 drinerzeit
246 889 284 947 Π.
307 906 356 964 pg.
382 890 422 948 54
434 906 499 964 sqq.
513 889 635 964 Lipsiae
648 885 742 964 1892)
757 889 817 946 hoc
840 897 960 947 tantum
981 906 1036 964 pro
1053 897 1137 947 certo
1160 889 1222 948 dici

71 1008 163 1066 posse
192 997 282 1066 putat
304 989 524 1065 Palaephatum
556 999 629 1064 post
657 989 787 1066 Augusti
810 997 945 1047 aetatem
967 1008 1031 1047 non
1054 989 1219 1066 scripsisse.

171 1091 259 1148 Unus
286 1092 332 1170 J0.
361 1091 385 1148 F
389 1091 453 1151 rid..
473 1091 598 1149 Fischer
634 1087 679 1162 (in
709 1091 805 1166 praef.
836 1091 909 1150 edit.
938 1075 1055 1160 tertiae,
1083 1109 1135 1167 pg.
1167 1091 1220 1150 IV.

72 1192 214 1250 editionis
236 1192 386 1268 Lipsiens.
411 1193 516 1267 1789),
538 1211 598 1270 qua
615 1193 662 1250 via
682 1195 723 1251 ad
745 1193 929 1250 sententiam
951 1193 1043 1268 paulo
1060 1193 1220 1250 certiorem

71 1295 197 1368 perduci
225 1311 396 1371 possemus,
431 1295 565 1352 sensisse
597 1295 727 1352 videtur.
784 1294 833 1352 Sic
861 1295 950 1353 dicit:
988 1303 1118 1367 „auctor
1139 1295 1221 1354 enim

71 1394 160 1452 huius
186 1395 278 1452 libelli
308 1395 371 1452 sive
401 1396 569 1471 Aegyptius
598 1395 647 1452 ille
680 1395 768 1453 fuerit
796 1395 859 1453 sive
882 1395 1090 1472 Atheniensis,
1120 1395 1220 1472 philo·

71 1495 185 1570 sophus
208 1503 241 1554 et
263 1499 488 1570 grammaticus,
511 1497 567 1556 etsi
589 1515 653 1555 non
673 1498 763 1573 plane
786 1505 919 1567 constat,
946 1513 1006 1574 quo
1028 1497 1221 1574 potissimum

72 1598 197 1655 saeculo
221 1597 335 1674 vixerit,
357 1606 462 1655 tamen
484 1599 531 1656 vel
544 1599 651 1673 oratio,
676 1617 738 1676 qua
759 1615 832 1656 usus
856 1606 904 1656 est
927 1597 1030 1672 homo,
1046 1598 1121 1656 satis
1136 1599 1220 1673 loqui

71 1699 193 1756 videtur
215 1706 350 1756 aetatem
371 1699 437 1756 eius
458 1701 489 1756 in
513 1707 651 1774 tempora
673 1701 918 1759 Ptolemaeorum
942 1699 1096 1758 incidisse.
1129 1698 1220 1758 Certe

73 1801 336 1877 styloPalaephati
351 1809 438 1859 tanta
452 1801 643 1858 intercedere
665 1801 753 1859 nobis
775 1801 901 1878 quidem
918 1801 1036 1858 videtur
1057 1817 1127 1858 cum
1141 1801 1220 1874 stylo
1260 1836 1263 1848 ·

74 1902 288 1960 Eratosthenis
311 1902 500 1977 aliorumque
518 1902 654 1960 eiusdem
670 1903 779 1960 aetatis
796 1910 888 1980 atque
904 1901 1022 1976 generis
1039 1901 1222 1978 scriptorum

75 2005 248 2073 similitudo,
270 2012 303 2062 ut
324 2022 383 2062 nec
407 2004 445 2061 ab
469 2021 527 2062 usu
556 2004 830 2062 Alexandrinorum
852 2005 1012 2061 verborum
1034 2002 1219 2061 abstinuisse

74 2105 266 2180 reperiatur.“
309 2105 500 2164 Sententiam
523 2123 610 2163 suam
632 2113 666 2163 ut
685 2106 804 2181 probet,
829 2106 917 2164 affert
938 2106 1031 2163 verba
1047 2100 1221 2180 βασίλισσα

74 2217 104 2264 et
127 2201 337 2276 ὑπαντιάζειν,
365 2208 421 2264 sed
452 2203 626 2283 βασίλισσα
649 2202 712 2284 (pg.
738 2209 808 2266 296.
835 2201 884 2284 14)
922 2207 953 2264 in
977 2205 1099 2280 optimis
1135 2205 1221 2262 codi-

73 2309 158 2366 cibus
180 2325 242 2366 non
264 2308 381 2384 legitur,
415 2303 618 2371 ὑπαντιάζειν
640 2303 704 2385 (pg.
728 2309 798 2369 300.
822 2307 874 2382 17)
897 2315 1019 2383 praeter
1041 2306 1221 2380 Homerum,

73 2411 249 2482 Pindarum,
272 2409 403 2484 tragicos
427 2409 519 2466 etiam
541 2409 624 2484 apud
647 2407 887 2483 Xenophontem
910 2408 1068 2482 reperitur.
1111 2406 1220 2483 ltaque

72 2514 165 2570 verba
187 2530 206 2569 a
228 2511 373 2568 Fischero
406 2511 497 2568 allata
531 2511 701 2586 argumenti
733 2511 793 2567 vim
825 2527 888 2566 non
921 2509 1039 2568 habent
1059 2527 1168 2585 neque,
1192 2507 1218 2566 si

72 2614 234 2681 haberent,
261 2630 315 2688 per
337 2630 370 2670 se
392 2613 459 2670 sola
481 2613 522 2670 ad
545 2620 661 2669 certum
683 2611 829 2669 iudicium
852 2611 1013 2668 ferendum
1035 2609 1219 2670 sufficerent.

173 2713 318 2772 Nonnulli
353 2715 578 2772 contenderunt
615 2713 705 2772 libelli
742 2714 781 2769 de
819 2713 1049 2770 incredibilibus
1087 2711 1222 2786 inscripti

73 2823 233 2873 auctorem
255 2815 434 2890 Palaephati
467 2833 581 2874 nomen
615 2815 671 2872 sibi
704 2831 866 2890 arrogasse
894 2814 935 2872 ad
957 2814 1057 2888 operis
1081 2813 1127 2870 sni
1151 2830 1222 2871 auc·

73 2917 229 2974 toritatem
251 2917 435 2991 augendam,
459 2917 541 2974 velut
562 2915 625 2993 Jos.
649 2915 783 2990 Scaliger
805 2913 917 2991 (Catal.
934 2913 1019 2989 Virg.
1039 2913 1140 2990 Lugd.
1156 2913 1223 2973 Bat.

75 3019 167 3093 1617,
206 3035 257 3093 pg.
288 3019 325 3078 51
351 3018 393 3076 ad
422 3015 497 3076 Ciris
520 3037 545 3079 v.
570 3019 619 3088 88,
660 3018 712 3075 ubi
741 3016 917 3092 Palaephati
954 3033 1067 3073 nomen
1102 3015 1222 3073 coniec-

75 3127 142 3176 tura
164 3119 332 3194 repositum
354 3114 427 3197 est),
463 3121 515 3198 qui
550 3127 639 3195 putat
663 3118 843 3194 Palaephati
881 3118 1042 3176 cuiusdam
1066 3115 1224 3192 „puecho-

73 3213 177 3292 γικά“,
201 3237 281 3294 quae
303 3221 405 3278 adhuc
427 3229 559 3290 exstant,
583 3221 708 3280 omnino
731 3222 772 3278 ad
790 3219 1012 3294 Palaephatum
1034 3219 1066 3275 in
1082 3215 1142 3276 Ciri
1165 3235 1224 3274 no-

73 3324 224 3380 minatum
249 3321 412 3380 referenda
444 3340 507 3380 non
540 3339 627 3392 esse;
662 3322 736 3378 item
762 3321 855 3396 Hugo
879 3319 1004 3378 Grotius
1041 3316 1150 3396 (Epist.
1182 3318 1225 3377 ad

74 3423 183 3482 Gallos
199 3420 264 3480 CX.
280 3439 330 3498 pg.
347 3425 416 3484 254.
432 3425 471 3484 55
479 3424 578 3498 Lugd.
596 3423 662 3482 Bat.
680 3420 789 3498 1648);
813 3421 924 3498 Heyne
942 3415 987 3498 (P.
1003 3419 1085 3496 Virg.
1105 3419 1223 3479 Maron.

74 3544 146 3602 opp.
171 3519 214 3579 V³
234 3541 285 3600 pg.
311 3526 381 3584 133.
417 3527 458 3583 ad
481 3525 539 3586 Cir.
566 3545 594 3586 v.
625 3527 678 3592 88)
704 3525 794 3582 dicit:
828 3539 996 3600 „apparere
1018 3522 1140 3580 videtur
1166 3537 1224 3578 nos

74 3645 180 3686 verum
198 3625 420 3702 Palaephatum
440 3645 504 3684 non
526 3628 638 3686 habere
660 3634 691 3683 et
713 3642 782 3684 esse
797 3625 918 3682 alterius
935 3623 1068 3682 auctoris
1089 3621 1224 3680 libellum

72 3725 147 3804 περὶ
169 3721 325 3794 ἀπίστων,
347 3729 399 3802 qui
422 3747 440 3785 a
461 3729 549 3786 nobis
572 3723 704 3787 teritur“.
740 3727 803 3784 Sed
825 3725 970 3782 concedit
991 3723 1055 3780 fieri
1077 3724 1225 3798 potuisse,

44 3833 108 3888 'ut
131 3829 208 3888 Ciris
240 3837 334 3903 poeta
366 3837 508 3886 auctores
530 3835 724 3905 permutaret,
755 3843 823 3884 cum
844 3826 928 3900 apud
950 3824 1150 3891 Heraclitum,
1174 3822 1225 3897 qui

72 3925 141 4009 ipse
163 3947 285 4006 quoque
309 3930 349 3988 de
370 3931 594 3989 incredibilibus
617 3928 735 4004 scripsit
751 3924 976 4003 (Westermann
996 3924 1149 4000 Mythogr.
1173 3941 1224 4000 pg.

73 4033 264 4106 313-320),
298 4049 335 4090 ea
367 4031 488 4091 fabulae
521 4031 617 4090 forma
645 4029 821 4104 reperiatur,
858 4046 940 4104 quae
973 4027 1005 4084 in
1028 4024 1104 4084 Ciris
1136 4041 1226 4082 versu

72 4134 267 4212 Palaephato
289 4134 381 4191 tribui
404 4135 532 4194 videtur.
1179 4181 1183 4188 .

177 4234 370 4294 Sententiam
392 4253 411 4292 a
433 4235 541 4294 ceteris
564 4236 733 4293 admodum
763 4233 979 4292 abhorrentem
1001 4229 1125 4306 protulit
1146 4227 1227 4286 Eck·

73 4341 154 4400 stein
179 4335 211 4411 (l.
227 4331 276 4414 c),
307 4338 357 4412 qui
378 4337 535 4398 contendit
556 4336 780 4412 Palaephatum
804 4335 894 4393 libelli
916 4329 988 4408 περὶ
1008 4325 1155 4392 ἀπίστων
1177 4329 1225 4386 in·

75 4442 182 4519 scripti
205 4449 362 4497 auctorem
384 4458 446 4496 non
468 4445 540 4496 ante
565 4438 644 4497 tertii
667 4455 695 4514 p.
711 4435 780 4498 Chr.
805 4434 921 4494 saeculi
942 4433 1033 4490 linem
1055 4433 1101 4490 vel
1128 4431 1227 4508 quarti
