2914 4980
725 285 863 345 ..34„

221 471 279 548 τὴν
300 463 446 547 ἀδελφὴν
469 465 669 546 Δράκοντος,
699 470 751 544 qui
772 487 842 526 usus
866 485 929 524 non
952 465 1098 542 reperitur
1119 463 1177 524 nisi
1199 464 1281 542 apud
1302 461 1367 523 He·

220 577 366 632 rodotum
394 572 466 644 (ΙΙΙ.
492 575 544 644 11;
584 571 633 630 lll.
659 573 715 639 39;
741 570 889 636 V[.125;
917 568 985 626 Vll.
1014 572 1066 637 12;
1090 568 1142 628 cfr.
1165 568 1300 627 Kiihner.
1325 567 1364 625 ll.

223 671 239 750 ξ
261 676 330 733 443.
353 691 402 747 pg.
418 671 492 746 456)
514 681 547 728 et
569 673 653 746 apud
674 671 850 745 posterioris
874 670 983 726 aetatis
1006 669 1169 744 scriptores
1185 669 1267 725 velut
1284 669 1367 743 apud

223 775 380 851 Polybium
403 768 469 847 (cfr.
495 771 635 831 Kaelker.
658 781 786 846 quaestt.
812 773 852 826 de
876 771 952 828 eloe.
975 770 1139 844 Polybiane
1161 770 1263 844 Leipz.
1281 769 1366 828 Stud.

222 876 278 935 III.
300 893 351 950 pg.
375 872 460 944 283).

323 977 535 1051 Compluribus
569 977 640 1033 locis
664 975 875 1050 Palaephateis
906 969 943 1034 oi
966 970 1057 1047 περί
1079 989 1170 1032 τινα
1202 971 1367 1029 formula

222 1096 285 1136 non
317 1079 472 1135 hominem
503 1079 635 1153 aliquem
668 1096 736 1134 cum
765 1077 910 1134 comitatu
934 1093 989 1134 suo
1013 1075 1060 1156 yel
1082 1075 1209 1132 comites
1232 1075 1365 1148 alicuius

223 1181 280 1238 sed
301 1190 355 1238 aut
386 1181 486 1256 ipsum
518 1179 672 1236 hominem
705 1187 757 1236 aut
789 1195 936 1252 sponsum
969 1195 1037 1234 cum
1071 1195 1185 1252 sponsa
1207 1175 1366 1250 significat,

222 1281 304 1338 velut
336 1299 386 1356 pg.
412 1283 537 1340 281.18
571 1275 741 1354 ἀναιροῦσι
762 1276 838 1353 τοὺς
863 1275 935 1352 περὶ
955 1264 1151 1352 Ἀταλάντην
1174 1276 1216 1352 (h.
1241 1295 1267 1336 e.
1291 1278 1366 1334 Ata·

223 1383 328 1446 lanten
351 1390 383 1439 et
403 1375 642 1455 Melanionem);
680 1380 842 1455 ampliores
866 1380 957 1438 codd.
981 1379 1141 1437 exhibent:
1181 1374 1367 1452 ἐξελθόντες

224 1479 428 1544 ἐπιπίπτουσι
451 1481 536 1554 (DM,
570 1477 696 1554 ἐμπίπτ.
721 1481 761 1552 R)
787 1475 949 1554 τοῖςπερὶ
982 1475 1178 1552 Ἀταλάντην
1204 1476 1256 1538 καὶ
1284 1474 1368 1539 ἀναι-

225 1583 338 1658 ροῦσιν
372 1579 505 1656 αὐτούς;
540 1585 608 1642 282.
632 1584 649 1639 2
673 1579 718 1656 ὡς
742 1577 771 1641 οί
794 1578 867 1656 περὶ
890 1577 1082 1642 Μελανίωνα
1104 1577 1155 1640 καί
1173 1575 1368 1654 Ἀταλάντην

225 1679 270 1758 εἰς
293 1681 429 1757 λέοντας
461 1679 719 1758 μετεβλήθησον;
758 1685 868 1742 305.6
904 1678 1054 1742 ἐκέλευον
1082 1677 1141 1742 οὖν
1165 1677 1195 1741 οἱ
1217 1678 1290 1756 περὶ
1311 1677 1368 1740 τὸν

221 1781 380 1860 Ἀμφίονα
418 1786 515 1860 (quod
547 1793 601 1840 aut
634 1786 673 1841 de
705 1785 877 1860 Amphione
912 1785 977 1840 solo
1001 1793 1055 1842 aut
1079 1786 1118 1840 de
1140 1783 1316 1857 Amphione
1338 1791 1368 1838 et

226 1887 323 1943 Zetho
345 1885 477 1960 intellegi
498 1879 630 1962 potest);
654 1887 719 1943 sine
743 1887 836 1942 dubio
860 1886 950 1944 etiam
975 1903 1054 1960 quae
1078 1887 1221 1960 leguntur
1235 1905 1284 1961 pg.
1299 1889 1367 1945 302.

227 1989 244 2044 3
267 1982 298 2045 οἱ
320 1984 356 2047 δὲ
379 1984 451 2060 περὶ
470 1981 630 2061 Ἡρακλέα
652 1981 856 2060 ἐπυρπόλουν
871 1983 948 2060 τοὺς
972 1983 1023 2046 ἐπὶ
1042 1989 1088 2066 τῷ
1103 1984 1215 2066 πύργῳ
1232 1983 1368 2060 τοξότας

225 2089 269 2146 sic
300 2088 491 2162 interpretari
523 2087 680 2160 debemus,
719 2106 790 2144 nam
817 2087 996 2161 Palaephati
1028 2090 1180 2144 sententia
1209 2089 1368 2162 Hercules

153 2225 159 2238 ·
226 2197 390 2262 antequam
420 2189 448 2244 ei
485 2189 589 2246 Iolaus
629 2207 697 2246 cum
728 2189 863 2246 exercitu
890 2189 1000 2246 auxilio
1033 2191 1162 2257 veniret,
1197 2190 1280 2246 solus
1312 2207 1369 2264 pu-

226 2291 339 2366 gnavit.

327 2391 357 2448 Si
378 2399 521 2448 accurate
542 2392 645 2448 omnia
667 2393 807 2466 exempla
823 2393 1047 2466 perlustramus
1073 2409 1152 2466 quae
1169 2393 1253 2466 apud
1268 2390 1368 2448 Hero-

228 2481 345 2567 dotum,
369 2491 592 2568 Thucydidem,
615 2491 784 2560 Platonem,
807 2484 1078 2570 Xenophontem¹)
1101 2501 1232 2566 exstant,
1255 2509 1370 2566 cogno·

228 2593 340 2650 scimus
374 2595 412 2650 ab
445 2593 491 2648 his
525 2593 720 2667 scriptoribus
744 2589 774 2652 oi
804 2589 877 2668 περί
898 2610 970 2653 τινα
992 2593 1151 2650 formulam
1174 2609 1296 2667 semper
1317 2600 1371 2648 aut

229 2697 269 2752 de
291 2695 450 2752 comitibus
474 2701 526 2751 aut
547 2695 588 2750 de
610 2695 701 2751 sociis
725 2703 778 2750 aut
800 2697 840 2750 de
863 2695 1018 2769 discipulis
1042 2704 1096 2752 aut
1119 2696 1159 2751 de
1176 2702 1240 2751 toto
1256 2711 1370 2768 genere

225 2797 381 2854 hominum
404 2791 499 2870 (velut
522 2794 639 2852 Platon.
664 2795 744 2852 Crat.
773 2799 831 2854 399
855 2796 895 2869 E;
921 2796 1047 2852 Menon.
1072 2798 1110 2855 99
1129 2790 1167 2871 Β)
1201 2795 1370 2852 adhibitam

226 2915 302 2956 esse.
332 2898 425 2971 Apud
447 2897 642 2954 Aristotelem
666 2908 697 2954 et
720 2897 967 2972 Theophrastum
991 2896 1037 2969 (fr.
1061 2898 1082 2956 l.
1108 2891 1138 2972 1)
1160 2893 1190 2957 oi
1210 2894 1282 2972 περί
1298 2914 1368 2956 τινα

227 2998 355 3055 formula
376 2997 414 3054 ab
437 2998 504 3072 ipso
526 2999 649 3055 nomine
670 3000 719 3055 vix
742 2999 850 3065 differt,
873 3016 1028 3073 nunquam
1050 3017 1122 3054 vero
1139 3000 1182 3055 sic
1198 2999 1369 3076 adhibetur,

227 3107 260 3155 ut
282 3100 323 3154 de
346 3099 439 3156 sociis·
459 3099 505 3156 vel
529 3100 684 3174 discipulis
706 3101 787 3156 nullo
810 3102 904 3157 modo
928 3101 1054 3173 cogitari
1067 3101 1174 3178 possit,
1196 3109 1228 3156 et
1244 3099 1372 3157 formula

226 3201 350 3275 proprio
373 3217 464 3257 sensu
486 3201 577 3274 plane
599 3202 743 3276 privetur.

327 3301 424 3358 Huius
450 3302 569 3374 generis
592 3303 731 3376 exempla
752 3303 881 3376 primum
909 3304 994 3376 apud
1015 3302 1173 3378 Polybium
1195 3303 1369 3376 reperimus.

229 3398 331 3476 (Quae
351 3403 459 3471 Krebs‚
494 3403 544 3458 die
569 3402 715 3478 Praepos
739 3404 788 3459 bei
811 3404 916 3477 Polyb.
954 3403 1094 3478 Wiirzbg.
1120 3405 1210 3472 1882,
1233 3421 1284 3478 pg.
1310 3405 1368 3462 103

229 3523 273 3579 sq.
297 3513 454 3560 enumerat
476 3505 624 3580 exempla,
647 3505 808 3562 maximam
831 3515 950 3578 partem
973 3523 1041 3562 cum
1062 3505 1211 3580 prioribus
1225 3504 1370 3578 exemplis

228 3602 422 3679 congruunt).
460 3600 490 3663 oi
512 3601 584 3680 περί
606 3621 677 3664 τινα
700 3605 829 3662 formula
850 3624 913 3662 non
935 3607 992 3663 nisi
1014 3607 1082 3680 ipsa
1105 3623 1239 3681 persona
1259 3605 1371 3679 signifi-

229 3714 315 3763 catur
336 3706 381 3763 his
403 3707 489 3764 locis:
512 3707 579 3764 XV.
600 3707 683 3766 35.6
707 3703 784 3779 τοὺς
806 3703 878 3780 περὶ
900 3701 1101 3777 Ἀγαθοκλέα
1122 3703 1173 3766 καὶ
1190 3701 1369 3766 Διονύσιον

228 3803 305 3880 τοὺς
333 3802 540 3882 Σικελιώτας;
575 3807 677 3868 XXII.
702 3811 750 3868 20.
776 3812 793 3866 7
821 3805 1079 3885 μνημονεύοντες
1112 3811 1176 3869 τῶν
1209 3805 1281 3883 περὶ
1314 3807 1371 3868 τὸν

331 4062 358 4132 1)
378 4065 457 4128 Quod
480 4066 598 4115 Dindorf
617 4067 650 4114 ad
673 4067 820 4116 Memorab.
844 4068 894 4118 III.
914 4066 938 4119 5.
961 4067 993 4120 10
1016 4065 1158 4134 (τὴντῶν
1181 4071 1254 4120 θεῶν
1273 4067 1371 4135 κρίσιν,

229 4152 265 4218 ἣν
286 4152 393 4219 οἱπερὶ
418 4154 545 4219 Κέκροπα
572 4153 607 4206 δι’
627 4154 731 4220 ἀρετὴν
761 4155 884 4220 ἔκριναν)
917 4156 981 4204 dicit
1000 4157 1086 4206 solum
1106 4157 1249 4222 Cecropem
1268 4159 1372 4208 intelle-

230 4243 344 4306 gendum
364 4259 431 4310 esse,
459 4259 559 4293 errasse
587 4244 699 4308 videtur,
728 4259 786 4291 nam
806 4258 837 4290 ex
863 4244 1031 4307 Apollodoro
1051 4246 1100 4295 III.
1122 4244 1162 4296 14.
1186 4245 1197 4296 1
1221 4247 1373 4307 (Westerm.

230 4347 273 4396 pg.
295 4330 346 4382 114
364 4331 414 4398 sq.)
435 4331 645 4381 concludendum
671 4337 710 4380 est
729 4331 872 4395 Cecropem
899 4348 952 4380 non
971 4333 1057 4381 solum
1075 4333 1145 4382 illam
1166 4335 1275 4384 deorum
1299 4336 1372 4385 litem

232 4419 377 4480 diremisse,
400 4421 446 4470 sed
466 4436 518 4469 una
537 4435 594 4468 cum
613 4419 678 4470 aliis.
