2914 4980
559 327 721 387 ..21-

68 511 221 569 tuendum
251 519 308 586 est,
346 510 430 568 unde
462 509 602 588 sequitur
623 509 680 567 hos
704 510 828 568 codices
862 527 931 568 esse
956 509 1162 592 adhibendoS,
1195 511 1220 571 si

68 614 229 688 aliquanto
264 619 347 669 certe
384 611 509 688 propius
532 613 574 668 ad
601 611 709 687 integri
731 612 833 686 operis
856 611 1056 688 Palaephatei
1079 621 1217 672 tenorem

67 714 219 770 accedere
241 714 389 788 cupimus.

170 813 384 871 Westermann
417 813 579 887 ampliores
611 813 734 870 codices
765 813 820 872 hos
850 822 1007 871 enumerat
1034 812 1143 890 (prael.
1166 833 1219 890 pg.

68 912 182 988 XIV.):
221 913 415 974 Oxonienses
439 923 499 972 tres
524 907 634 991 (ΟΜ),
665 913 948 988 Cantabrigiensem
971 913 1033 990 (C),
1070 915 1218 974 Gallicum

68 1013 134 1092 (G),
158 1016 368 1073 Florentinum
392 1011 453 1092 (F),
487 1016 727 1072 Arundelianum
749 1010 813 1093 (A),
836 1015 1009 1074 Tollianum
1031 1010 1095 1095 (T),
1119 1016 1215 1074 Dres-

67 1119 197 1174 densem
231 1110 299 1194 (D),
331 1115 550 1191 Musquensem
585 1113 654 1190 (M).
713 1117 851 1174 Medium
885 1117 972 1192 quasi
1006 1118 1108 1176 locum
1140 1119 1220 1176 inter

67 1226 229 1292 utrumque
264 1219 407 1276 codicum
438 1236 536 1292 genus
570 1217 802 1275 Westermanno
839 1217 992 1274 Ravianus
1020 1213 1073 1295 (R)
1111 1228 1219 1277 tenere

67 1321 188 1376 videtur
223 1318 284 1393 (pg.
316 1315 428 1395 XIII).
474 1317 559 1389 Quos
582 1335 688 1375 omnes
717 1319 841 1375 codices
864 1329 987 1393 praeter
1009 1318 1220 1378 Dresdensem

68 1419 284 1477 Westermann
305 1421 372 1495 ipse
394 1437 456 1477 non
478 1421 620 1495 inspexit,
634 1420 690 1476 sed
712 1421 840 1476 aliorum
864 1439 901 1476 ex
924 1421 1110 1478 editionibus
1125 1422 1219 1480 novit.

170 1520 303 1596 Boysen,
341 1521 391 1595 qui
420 1521 489 1580 cod.
516 1521 689 1578 RavIanum
720 1521 751 1576 in
773 1520 962 1578 bibliotheca
984 1523 1066 1596 regia
1089 1521 1218 1582 Berolin.

66 1622 172 1679 denuo
194 1622 327 1696 repperit
350 1619 380 1692 (l.
410 1639 435 1681 c.
462 1638 512 1695 pg.
538 1620 595 1677 287>
629 1614 719 1697 sqq.),
756 1629 838 1678 recte
879 1623 997 1679 videtur
1030 1624 1222 1681 coniectasse

67 1721 157 1778 ATR
189 1740 284 1780 unum
318 1723 513 1796 eundemque
548 1739 615 1779 esse
639 1723 787 1782 codicem.
830 1723 857 1779 A
872 1722 944 1780 nihil
968 1723 1140 1781 aliudesse
1163 1725 1220 1782 nisi

68 1822 98 1878 T
121 1822 182 1879 iam
204 1821 417 1881 Westermann
440 1824 612 1897 suspicatus
642 1830 716 1880 erat.
775 1823 908 1898 Boyseni
939 1825 1102 1892 sententia,
1134 1825 1221 1882 cuius

68 1932 254 1998 argumenta
275 1942 325 1980 me
340 1932 480 2000 repetere
502 1942 565 1981 non
587 1931 636 1980 est
658 1913 746 1999 opus,
770 1925 951 2000 comparatis
974 1925 1052 1981 inter
1073 1942 1106 1981 se
1131 1926 1221 1983 Ravi-

68 2025 122 2081 ani
153 2025 307 2099 scripturis
344 2035 375 2082 et
408 2025 461 2101 eiS,
500 2042 579 2099 quae
603 2043 621 2081 a
644 2023 878 2082 Westermanno
908 2043 947 2080 ex
973 2027 1064 2085 codd.
1087 2027 1113 2082 A
1137 2025 1218 2084 etT

69 2121 223 2202 (adhibita
246 2125 337 2182 Tollii
360 2127 505 2194 editione,
535 2127 574 2182 de
595 2143 656 2199 qua
679 2109 892 2182 Westermann
916 2127 1036 2200 saepius
1059 2143 1123 2182 nou
1146 2127 1220 2182 satis

70 2235 216 2284 accurate
231 2220 348 2302 refert),
372 2227 548 2311 afferuntur,
570 2227 659 2284 valde
682 2226 918 2285 confirmabitur.
949 2227 1112 2284 Praeterea
1129 2245 1222 2302 quern

69 2329 173 2384 locum
211 2337 317 2384 teneat
351 2327 507 2384 Ravianus
542 2328 573 2384 in
610 2328 752 2385 codicum
774 2327 1048 2402 Palaephateorum
1079 2347 1218 2398 numerO,

71 2429 137 2486 aliis
161 2407 317 2486 codicibus
342 2428 458 2485 collatis
480 2428 709 2486 diiudicandum
732 2429 804 2486 mihi
825 2428 921 2485 visum
944 2439 999 2490 est.
1028 2430 1136 2505 ltaque
1152 2448 1220 2487 cum

71 2531 195 2602 Boysen
219 2531 347 2588 Raviani
383 2531 505 2606 plenam
542 2531 735 2588 collationem
766 2548 828 2587 non
858 2530 981 2588 lecisset
1003 2531 1115 2606 publici
1136 2533 1217 2601 iuriS,

70 2631 138 2706 ipse
160 2648 251 2704 quam
273 2633 359 2706 potui
382 2631 608 2704 diligentissime
624 2633 739 2689 codicis
757 2631 885 2688 Raviani
908 2632 1072 2706 scripturas
1095 2634 1219 2702 contuli,

71 2749 135 2808 qua
157 2732 320 2790 collatione
342 2732 420 2790 infra
441 2742 518 2792 utar.

173 2831 251 2890 Cum
273 2832 484 2891 Westermann
497 2830 559 2909 (pg.
577 2827 656 2910 Xll.)
678 2843 816 2908 putasset
839 2834 943 2892 classIs
967 2835 1109 2892 auctions
1133 2843 1220 2905 „tan-

71 2945 137 2991 tam
160 2953 228 2992 esse
251 2935 381 2993 inlibris
404 2936 651 3010 discrepantiam,
676 2943 722 2992 tot
744 2937 858 3010 gradus
883 2943 913 2994 et
935 2937 1022 3010 quasi
1038 2953 1162 3012 genera,
1185 2943 1218 2992 ut

71 3038 113 3092 de
152 3053 212 3092 una
249 3037 425 3093 recensione
446 3035 538 3109 plane
559 3053 622 3091 non
645 3045 753 3111 posset
774 3032 933 3111 cogitari“,
970 3037 1092 3110 boysen
1113 3054 1221 3094 omnes

72 3139 227 3213 pleniores
251 3139 373 3196 codices
396 3139 472 3195 inter
494 3155 527 3194 se
539 3138 704 3195 cohaerere
722 3140 924 3197 demonstrari
942 3157 1035 3214 posse
1051 3139 1220 3198 contendit.

71 3240 123 3294 De
146 3240 239 3297 codd.
269 3237 352 3296 CGF
380 3257 460 3315 quae
483 3240 695 3314 comperimus,
725 3258 794 3298 cum
816 3259 879 3298 non
908 3240 1062 3297 sufficiant
1083 3242 1124 3298 ad
1146 3240 1225 3296 iudi·
1328 3231 1331 3238 ’

73 3341 157 3397 cium
181 3339 348 3414 ferendum,
372 3339 427 3396 hos
450 3340 596 3398 omittam.
634 3339 886 3398 verisimillimum
906 3351 952 3397 est
974 3341 1005 3395 in
1028 3339 1222 3415 amplioribus

75 3440 236 3498 codicibus
257 3439 317 3498 hoc
340 3441 447 3496 ordine
470 3440 589 3497 fabulas
613 3441 685 3515 legi:
709 3442 730 3498 I.
748 3443 786 3500 ll.
805 3442 856 3501 VI.
874 3441 941 3499 VII.
961 3437 1222 3513 V111.111.1V.1)

175 3541 237 3598 Sed
270 3541 372 3598 statim
407 3541 484 3598 duas
517 3542 658 3598 codicum
692 3543 861 3616 pleniorum
888 3542 1002 3598 classes
1037 3541 1224 3614 distinguere

76 3643 160 3711 licet,
192 3659 262 3698 nam
285 3660 352 3698 cum
376 3641 457 3698 labb.
481 3642 607 3702 XXXV.
631 3653 661 3698 et
684 3643 846 3701 XXXVII.
871 3644 972 3701 desint
995 3644 1026 3700 ln
1048 3644 1117 3702 cod.
1142 3642 1171 3698 R
1192 3651 1223 3699 et

71 3746 105 3801 in
129 3738 294 3816 Oxonn.2)‚
318 3752 440 3800 exstant
461 3743 492 3830 in
516 3745 608 3800 codd.
626 3743 688 3800 ΒΜ
711 3753 743 3800 et
765 3745 796 3800 ln
818 3744 877 3801 alio
901 3744 1009 3802 codice
1031 3743 1139 3801 summi
1160 3761 1225 3799 mo-

176 3933 203 3999 l)
223 3935 331 3998 Boysen
350 3933 366 3983 l.
382 3947 403 3983 c.
423 3931 546 3997 pg.301;
564 3933 616 3982 hoc
636 3933 715 3982 etiam
735 3935 769 3982 de
788 3933 985 3984 Ononiensibus
1007 3932 1148 3982 dicendum
1166 3947 1225 3981 esse

69 4024 137 4072 inde
159 4021 270 4080 conicio,
301 4021 372 4085 quod
392 4021 579 4069 Westermann
599 4022 631 4069 ad
651 4021 704 4072 fab.
724 4023 771 4072 VI.
790 4023 911 4074 adnotat:
937 4021 1004 4070 hanc
1024 4027 1049 4070 et
1068 4021 1133 4070 duas
1153 4037 1226 4085 seqq.

71 4117 103 4159 nt
126 4109 228 4158 videtur
246 4124 297 4160 orn.
318 4109 356 4172 O,
386 4108 499 4156 sortasse
523 4108 628 4166 Galeus‚
648 4107 694 4174 qui
716 4110 851 4158 materiam
871 4109 991 4174 praebuit
1010 4111 1224 4175 Westermanno,

71 4199 122 4248 illo
140 4197 203 4246 loco
223 4211 254 4245 ex
274 4195 470 4246 Oxoniensibus
489 4195 573 4244 varias
593 4197 721 4245 lectiones
742 4198 804 4246 ideo
829 4213 883 4246 non
901 4197 1030 4262 attulerat,
1060 4198 1132 4263 quod
1153 4197 1224 4249 labb.

69 4288 124 4338 VI.
144 4287 207 4337 VII.
227 4285 303 4336 VIII.
325 4286 379 4334 alio
400 4287 459 4335 loco
478 4285 642 4347 legebantur.

175 4369 204 4440 2)
223 4374 265 4420 De
284 4376 311 4420 A
330 4380 355 4422 et
373 4375 396 4422 T
416 4373 483 4422 nihil
504 4375 691 4440 comperimus3
722 4379 807 4423 tamen
829 4390 843 4422 e
869 4375 943 4424 Galei
971 4383 998 4423 et
1016 4374 1099 4423 Tollii
1120 4371 1231 4446 silentio¹

73 4461 223 4529 quidquam
245 4459 365 4508 concludi
384 4477 464 4526 posse
484 4462 592 4527 Boysen
610 4462 667 4510 iure
686 4462 800 4522 negavit.

1074 4547 1091 4600 2
1149 4562 1152 4570 .
