2914 4980
712 293 871 349 „48-

220 475 408 533 verisimilius
430 493 499 533 esse
522 473 643 532 videtur
665 472 845 532 Athenionis
860 473 954 530 verba
976 473 1018 528 ad
1034 473 1259 548 Palaephatum
1279 471 1363 530 illum

219 577 460 652 antiquissimum
483 575 712 642 Atheniensem,
738 575 790 650 qui
812 575 982 632 secundum
1004 573 1129 632 Suidam
1150 582 1221 632 ante
1243 573 1365 632 Home-

218 695 283 734 rum
316 678 437 753 exstitit,
470 676 632 734 referenda
664 694 747 742 esse,
782 677 867 736 cuius
900 677 979 734 inter
1011 693 1105 751 opera
1129 705 1166 716 —
1188 675 1261 732 ficta
1295 675 1364 732 sine

220 779 312 835 dubio
328 809 369 818 --
384 779 473 835 etiam
496 773 690 852 κοσμοποιία
704 779 889 846 nominatur,
911 777 995 834 cuius
1017 777 1137 851 generis
1157 794 1236 852 opus
1247 777 1366 858 ,comici

218 877 294 936 illius
317 879 410 936 menti
431 879 624 936 obversatum
647 897 714 936 esse
736 887 849 954 potest.
894 877 996 951 Quam
1018 878 1202 936 sententiam
1227 879 1251 934 si
1274 895 1365 935 acce·

219 979 351 1053 perimus
385 980 475 1036 etiam
510 981 669 1038 verborum
700 980 782 1038 lusus
815 976 926 1054 καινὸς
957 1011 995 1020 -
1025 975 1243 1054 Παλαίφατος
1267 979 1365 1036 multo

219 1082 387 1158 elegantior
408 1082 468 1142 fiet.

319 1181 395 1241 Cum
417 1201 488 1241 vero
511 1201 550 1241 ne
572 1201 609 1240 ex
633 1183 813 1241 Athenionis
844 1185 969 1258 quidem
993 1183 1163 1256 fragmento
1190 1181 1365 1257 quidquam

219 1285 326 1342 lucrari
347 1285 544 1360 potuerimus
578 1292 661 1344 certa
695 1285 786 1342 libelli
818 1279 890 1357 περὶ
917 1279 1061 1344 ἀπίστων
1083 1282 1219 1357 inscripti
1246 1284 1366 1340 mentio

219 1379 306 1443 nobis
330 1387 457 1444 occurrit
490 1387 520 1443 in
542 1386 677 1444 Theonis
710 1403 842 1462 progym.
866 1403 891 1443 c.
916 1383 958 1440 Vl
980 1382 1043 1459 (pg.
1067 1384 1135 1443 221.
1159 1379 1229 1458 W),
1266 1385 1310 1441 ita
1330 1393 1367 1442 ut

219 1495 292 1544 ante
315 1487 477 1544 Theonem
502 1488 612 1544 vixisse
635 1487 856 1561 Palaephatum
879 1485 1129 1544 concludendum
1152 1483 1199 1542 sit.
1244 1483 1309 1542 Sed
1331 1493 1368 1542 ut

219 1587 322 1646 adhuc
350 1590 473 1646 summis
501 1589 532 1646 in
559 1588 786 1646 difficultatibus
814 1589 924 1646 versati
954 1604 1067 1650 sumus,
1101 1585 1144 1642 ita
1166 1583 1215 1642 hic
1238 1603 1366 1661 quoque

220 1687 413 1746 difficultates
436 1691 580 1756 oriuntur,
605 1707 673 1747 cum
697 1691 737 1746 (le
758 1689 895 1746 Theonis
918 1696 1020 1746 aetate
1043 1687 1124 1744 adeo
1149 1703 1211 1743 non
1234 1703 1367 1744 consen·

220 1788 300 1844 tiant
321 1807 366 1846 vv.
391 1791 453 1860 dd,
477 1800 511 1848 ut
534 1791 583 1848 alii
606 1808 674 1848 eum
708 1793 855 1868 secundo,
890 1791 938 1846 alii
962 1789 1068 1864 quinto
1095 1806 1124 1862 p.
1149 1785 1217 1848 Chr.
1240 1787 1366 1846 saeculo

220 1889 357 1947 floruisse
380 1893 578 1950 contendant.
622 1891 764 1964 Quorum¹
782 1893 917 1948 omnium
940 1890 1109 1948 sententias
1133 1889 1254 1963 collegit
1278 1887 1367 1964 Hop-

220 1990 335 2064 piehler
358 1993 388 2048 in
411 1993 483 2050 diss.
508 1991 628 2050 Wircib.
656 1991 749 2052 1884:
787 1993 827 2049 de
850 1991 979 2049 Theone
998 1991 1195 2064 Hermogene
1219 1989 1360 2064 Aphtho-

221 2092 334 2168 nioque
352 2101 653 2170 progymnasmatum
677 2093 872 2168 scriptoribus
895 2111 943 2167 pg.
969 2094 1016 2151 21.
1047 2091 1094 2148 Ex
1116 2092 1170 2169 eis,
1194 2109 1276 2168 quae
1299 2091 1367 2165 ipse

115 2199 116 2202 ’
221 2193 344 2266 protulit
380 2192 443 2270 (pg.
477 2197 515 2253 27
551 2196 631 2270 sqq.)
668 2205 795 2271 apparet
829 2194 991 2252 Theonem
1027 2201 1099 2250 ante
1135 2191 1367 2267 Hermogenem

221 2293 340 2362 vixisse,
363 2311 453 2368 quem
469 2295 564 2370 Marci
581 2297 684 2354 Aureli
707 2297 896 2372 temporibus
918 2295 1056 2352 floruisse
1078 2303 1210 2354 constat.
1255 2295 1367 2369 Itaque

221 2394 310 2451 Theo
333 2404 404 2470 post
425 2399 562 2454 medium
585 2399 755 2456 secundum
778 2397 932 2456 saeculum
955 2395 1047 2452 luisse
1070 2412 1131 2452 non
1154 2403 1266 2469 potest.

321 2495 511 2571 Hoppiehler
532 2499 702 2556 accuratius
725 2499 818 2556 etiam
841 2497 979 2554 Theonis
1003 2504 1137 2554 aetatem
1160 2495 1287 2554 definire
1311 2515 1366 2554 co-

221 2606 310 2654 natus
335 2598 467 2672 Augusti
490 2600 677 2674 temporibus
700 2617 770 2656 eum
795 2599 932 2656 floruisse
956 2598 1127 2674 suspicatus
1150 2606 1207 2654 est.
1261 2597 1367 2670 Quam

222 2699 398 2773 opinionem
420 2700 602 2758 coniecturis
624 2709 743 2758 tantum
764 2702 894 2772 incertis,
917 2710 950 2757 ut
973 2700 1039 2774 ipse
1053 2699 1093 2758 H.
1115 2700 1209 2756 sensit
1225 2698 1368 2777 (pg.35),

222 2801 319 2858 nisam
340 2819 377 2857 eo
400 2802 498 2858 minus
522 2803 608 2878 sequi
631 2802 785 2872 voluerim,
809 2803 893 2876 quod
915 2819 952 2858 ex
977 2801 1063 2859 Aelio
1085 2802 1268 2876 cognomine
1284 2801 1367 2859 The-

223 2888 289 2958 onis
313 2897 515 2974 (cfr.Suidaru
540 2921 563 2962 s.
575 2901 616 2974 v.)
639 2905 883 2962 concludendum
906 2921 973 2961 esse
996 2904 1116 2960 videtur
1134 2921 1204 2960 eum
1216 2902 1369 2960 Hadriani

223 3012 326 3060 aetate
347 3003 483 3062 floruisse
517 2998 583 3082 (cfr.
606 3005 739 3064 Pierson.
767 3005 798 3062 in
826 3004 956 3064 Moerid.
976 3003 1071 3080 praef.
1094 3023 1142 3080 pg.
1164 3003 1310 3064 XXXIV.
1333 3013 1367 3062 et

223 3103 369 3174 XXXV.;
392 3103 501 3163 Christ.
524 3106 649 3163 Handb.
672 3101 804 3181 VH2pg.
830 3107 899 3167 625.
922 3099 963 3183 6).

321 3206 392 3264 Hoc
415 3208 505 3282 igitur
526 3225 595 3264 mea
618 3209 742 3282 quidem
765 3209 919 3266 sententia
932 3225 988 3282 pro
1004 3214 1089 3264 certo
1106 3205 1247 3264 affirmari
1263 3215 1370 3282 potest

223 3307 443 3382 Palaephatum
465 3309 556 3364 libelli
577 3307 649 3384 περὶ
672 3305 816 3370 ἀπίστων
839 3316 995 3366 auctorem
1017 3316 1088 3382 post
1110 3307 1260 3364 Hadriani
1281 3317 1369 3366 aeta-

223 3417 285 3466 tem
307 3410 419 3466 vixisse
441 3428 505 3466 non
525 3429 629 3485 posse.

323 3511 372 3568 Ad
395 3513 528 3568 eundem
551 3511 615 3569 fere
638 3514 799 3570 terminum
822 3511 920 3580 Probi,
947 3513 998 3586 qui
1022 3511 1123 3586 fertur,
1155 3513 1367 3569 commentarii

222 3614 291 3670 loco
313 3611 355 3688 (in
378 3613 468 3686 Verg.
492 3612 605 3688 Georg.
624 3613 678 3674 III.
698 3615 767 3674 113.
790 3631 838 3690 pg.
854 3615 894 3673 60
918 3610 1002 3688 Keil)
1026 3613 1171 3684 ducimur,
1194 3613 1246 3670 ubi
1270 3613 1370 3688 prima

223 3713 401 3790 Palaephati
435 3714 540 3774 sabula
572 3715 700 3776 affertur.
759 3713 860 3786 Quem
893 3715 1160 3778 commentarium,
1194 3731 1254 3789 qua
1285 3733 1371 3773 nunc

223 3823 324 3874 exstat
346 3815 452 3886 forma,
480 3815 571 3874 Probi
599 3817 711 3891 Berytii
732 3835 796 3874 non
819 3834 889 3874 esse
911 3824 1028 3874 certum
1051 3816 1184 3884 videtur;
1208 3831 1271 3892 quo
1294 3833 1369 3874 con·

225 3917 349 3994 scriptus
372 3917 411 3974 sit
432 3926 579 3992 tempore,
614 3918 661 3974 vir
684 3935 817 3993 unquam
841 3917 991 3975 enucleari
1012 3917 1127 3991 poterit
1148 3915 1213 3989 (cfr.
1238 3917 1367 3976 Kribler.

225 4019 265 4074 de
289 4017 330 4076 M.
350 4017 463 4074 Valerii
492 4019 583 4076 Probi
607 4018 706 4092 Beryt.
736 4027 899 4078 comment.
923 4017 1014 4092 Verg.
1040 4018 1113 4074 diss.
1138 4017 1236 4078 Berol.
1263 4014 1369 4092 1881).

226 4117 319 4190 Quod
331 4117 388 4174 etsi
403 4119 609 4188 concedimus
625 4138 689 4176 non
704 4117 904 4177 labefactatur
912 4118 1007 4176 lahnii
1023 4119 1196 4174 observatio
1213 4111 1370 4194 (prolegg.

225 4221 256 4276 in
278 4220 313 4280 A.
338 4217 432 4276 Persii
452 4219 553 4276 Flacci
574 4221 680 4278 librum
697 4221 779 4295 Lips.
795 4221 884 4279 1843.
898 4239 948 4294 pg.
961 4216 1098 4292 CXLII.)
1112 4237 1149 4276 ex
1173 4221 1371 4294 scriptoribus

226 4321 374 4398 omnibus,
398 4321 451 4397 qui
472 4328 520 4378 sat
541 4322 627 4378 multi
648 4323 679 4378 in
702 4321 922 4380 commentario
946 4321 1120 4390 laudantur,
1154 4321 1269 4378 nullum
1292 4339 1373 4392 esse,

226 4439 316 4498 quem
337 4431 408 4499 post
431 4421 521 4480 Probi
543 4429 678 4482 aetatem
699 4424 809 4482 vixisse
832 4429 963 4482 constet.
1008 4420 1103 4494 Quod
1131 4424 1156 4480 si
1181 4441 1213 4480 re
1236 4440 1307 4481 vera
1330 4423 1376 4483 ita
