2914 4980
484 244 486 250 ’
579 291 730 346 -as-

88 468 171 526 facto
194 468 375 538 videbimus,
408 487 481 526 num
514 468 591 527 forte
624 469 785 526 artioribus
812 469 921 530 finibus
943 478 1083 547 tempora
1105 471 1229 551 circum·

88 571 179 628 scribi
200 571 329 645 possint.

188 672 350 730 Praeterea
373 689 440 730 cum
463 673 640 756 certumsit
658 672 837 748 Palaephati
859 679 1039 752 opusculum
1062 686 1135 736 ante
1148 677 1227 734 The·

87 793 180 832 onem
202 775 365 851 exstitisse,
388 792 479 848 quem
502 783 574 832 ante
596 777 732 834 medium
753 780 923 861 secuudum
944 799 973 855 p.
987 779 1055 839 Chr.
1075 781 1229 836 saeculum

86 877 196 934 vixisse
217 876 288 932 mihi
311 893 434 950 quoque
456 893 632 952 persuasum
654 886 701 934 est
723 871 789 956 (cfr.
814 879 891 937 inira
908 899 956 954 pg.
969 883 1033 958 48),
1055 883 1084 938 ei
1107 890 1227 938 tantum

88 978 252 1052 scriptores
275 977 457 1053 respiciendi
480 986 577 1047 erunt,
609 979 661 1052 qui
684 977 762 1036 intra
780 979 839 1037 hoc
862 984 1006 1056 temporis
1030 983 1161 1058 spatium
1182 983 1227 1038 su·

87 1087 186 1137 erunt.
231 1081 308 1144 Sunt
327 1087 449 1154 praeter
473 1079 667 1136 Aristotelem
690 1080 833 1154 imprimis
857 1081 1009 1157 Polybius,
1034 1086 1131 1141 versio
1145 1083 1231 1140 LXX

88 1182 219 1238 virorum
251 1189 283 1237 et
315 1181 380 1236 libri
413 1180 577 1255 apocryphi
609 1190 668 1238 vet.
691 1180 837 1258 Testam,
871 1181 1039 1251 Diodorum
1068 1183 1230 1258 Dionysius

92 1281 201 1358 Halic.,
225 1281 290 1337 libri
311 1282 383 1339 novi
405 1281 500 1358 Test.‚
524 1281 712 1357 Plutarchus,
736 1282 888 1340 Lucianus
912 1284 970 1344 alii.

193 1380 269 1440 Cum
296 1381 442 1456 Stephani
474 1383 634 1440 thesaurus
666 1385 696 1439 in
727 1383 850 1460 siugulis
880 1385 955 1442 locis
984 1386 1148 1442 afferendis
1170 1403 1233 1441 non

90 1483 165 1539 satis
193 1491 351 1540 accuratus
380 1485 548 1560 plenusque
576 1484 623 1555 sit,
655 1501 692 1540 ex
719 1485 822 1542 lexicis
846 1486 887 1542 ad
914 1487 1049 1562 singulos
1073 1487 1233 1562 scriptores

90 1583 238 1642 coniectis
262 1591 293 1640 et
315 1603 352 1641 ex
366 1585 527 1652 indicibus,
551 1593 696 1661 quantum
712 1587 808 1662 potui,
831 1586 976 1662 Stephani
993 1589 1131 1662 exempla
1154 1587 1232 1648 auxi.

90 1685 278 1760 Disputandi
300 1687 440 1743 ordinem
462 1686 543 1744 hunc
566 1687 688 1748 faciam:

195 1781 214 1862 ξ
236 1787 262 1846 Ι.
295 1789 335 1844 de
358 1789 449 1844 rebus
472 1789 676 1862 grammaticis
700 1798 731 1845 et
754 1790 928 1864 syntacticis
951 1808 969 1844 a
992 1807 1131 1846 sermone
1155 1791 1232 1866 opti·

91 1905 212 1944 morum
247 1890 428 1964 scriptorum
461 1889 702 1966 abhorrentibus,
737 1907 815 1965 quae
848 1892 931 1966 apud
958 1890 1176 1965 Palaephatum
1205 1900 1236 1950 et

92 1990 178 2064 apud
201 1991 382 2065 posteriores
408 1991 569 2066 scriptores
591 1991 789 2066 reperiuntur.

245 2086 274 2167 a)
297 2093 337 2148 de
362 2092 514 2148 nonnullis
538 2093 697 2150 verborum
720 2091 831 2150 formis.

243 2184 276 2270 b)
299 2193 339 2248 de
360 2193 518 2250 structuris
538 2193 700 2251 inusitatis.

244 2285 274 2370 c)
295 2293 574 2350 animadversiones
596 2295 638 2350 ad
660 2311 708 2350 res
732 2293 915 2366 syntacticas
936 2294 1134 2369 pertinentes.

194 2391 213 2468 ξ
237 2393 274 2453 ΙΙ,
298 2395 338 2450 de
360 2395 404 2450 eis
419 2394 583 2467 vocabuliS,
607 2394 716 2468 quibus
740 2393 961 2469 Palaephatum
979 2404 1051 2470 post
1063 2396 1235 2452 Aristotelis

89 2503 230 2551 aetatem
252 2495 362 2552 vixisse
384 2497 619 2554 demonstratur.

244 2593 276 2666 a)
299 2597 338 2652 de
368 2597 491 2653 vocibus
519 2597 647 2672 poeticis
677 2615 696 2653 a
718 2596 905 2672 Palaephato
927 2597 1078 2671 adhibitis,
1114 2616 1194 2674 quae
1217 2618 1235 2656 a

294 2698 512 2772 posterioribus
535 2706 654 2755 tantum
668 2698 815 2772 prosaicis
834 2699 1027 2773 scriptoribus
1042 2709 1235 2775 usurpantur.

241 2797 273 2876 b)
297 2801 337 2856 de
360 2800 483 2857 vocibus
507 2799 726 2875 Palaephateis,
750 2817 829 2876 quae
848 2810 901 2858 aut
915 2809 999 2858 certa
1015 2801 1237 2875 significatione

299 2910 352 2958 aut
374 2903 499 2958 omnino
522 2902 604 2974 apud
625 2902 783 2976 prosaicos
807 2910 926 2959 tantum
949 2903 1110 2978 scriptores
1134 2920 1237 2978 neque

298 3011 371 3059 ante
394 3003 565 3060 Aristotelis
590 3011 724 3060 aetatem
746 3003 943 3078 reperiuntur.

606 3189 722 3266 sta.

194 3286 423 3366 αὐτομάτως
452 3287 558 3361 forma,
586 3310 665 3366 quae
694 3291 802 3366 legitur
829 3308 878 3366 pg.
903 3291 971 3350 305.
995 3295 1013 3348 4
1041 3291 1139 3366 signif.
1163 3310 1240 3360 „sua

89 3402 211 3468 sponte,
246 3393 327 3450 nullo
358 3389 542 3450 adiuvante·
570 3402 641 3450 ante
671 3393 866 3449 Aristotelem
891 3409 1043 3465 nusquam
1071 3393 1233 3466 reperitur3

94 3514 112 3551 a
140 3493 289 3568 prioribus
312 3494 506 3568 scriptoribus
529 3495 588 3551 hoc
610 3511 701 3551 sensu
724 3493 907 3549 adiectivum
929 3493 1136 3566 praedicative
1158 3493 1237 3568 posi·

91 3607 159 3654 tum
194 3593 241 3651 vel
274 3590 338 3654 ἀπὸ
368 3594 426 3654 τοῦ
456 3591 640 3669 αὐτομάτου
673 3595 800 3652 formula
836 3593 1008 3654 adhibetur.
1064 3593 1242 3652 Posterioris

92 3713 168 3755 usus
198 3695 336 3770 exempla
368 3693 524 3770 leguntur:
555 3697 680 3754 Aristot.
707 3712 739 3754 rr.
767 3711 877 3768 πνευμ.
901 3697 979 3754 482²
1004 3697 1056 3770 203
1090 3713 1122 3755 π.
1146 3690 1239 3756 ζώων

92 3815 165 3873 μορ.
190 3799 339 3856 640“27;
372 3813 405 3855 rr.
433 3793 524 3857 Ζώων
546 3813 611 3868 γεν.
643 3799 783 3864 7432353
814 3788 953 3870 76112243
980 3795 1133 3855 Theocrit.
1157 3795 1240 3854 XXI.

92 3881 150 3972 27}
173 3898 274 3974 Polyb.
297 3898 320 3957 1.
350 3896 399 3956 ss.
423 3898 441 3954 s
466 3894 634 3975 (tauriscis
658 3898 680 3956 1.
704 3899 752 3956 ss.
776 3898 808 3968 93
841 3895 896 3956 rx.
920 3899 946 3956 6.
972 3900 1005 3974 ⁷3
1036 3896 1239 3966 modoaru.

92 4002 143 4060 66.
163 4003 181 4056 2
205 4009 236 4056 et
259 3999 397 4076 saepius;
428 3997 552 4072 Dionys.
574 3998 672 4058 Halic.
697 3999 780 4055 Antt.
804 3997 826 4055 I.
851 3999 900 4057 59.
923 3997 963 4066 4;
986 4016 1133 4074 persaepe
1155 3999 1239 4072 apud

91 4099 296 4159 Plutarchum.
1169 4117 1171 4124 ⁴

191 4197 360 4276 κατεκάη
384 4199 446 4276 (pg.
462 4203 530 4261 292.
547 4198 578 4275 3)
603 4201 706 4258 aoristi
728 4201 840 4276 passivi
861 4200 988 4258 formam
1012 4219 1102 4258 sensu
1125 4201 1241 4258 intran-

92 4303 180 4360 sitivo
202 4303 284 4377 apud
309 4303 477 4361 Homerum
501 4303 621 4377 saepius
644 4303 823 4380 invenimus
847 4311 910 4358 tum
932 4301 1017 4376 apud
1039 4300 1241 4360 Herodotum.

92 4404 257 4462 Praeterea
292 4407 376 4480 apud
409 4404 593 4480 posteriores
621 4411 738 4461 tantum
772 4403 938 4478 scriptores
968 4401 1126 4478 prosaicos
1151 4417 1241 4461 κατε-
