2914 4980
577 302 734 362 ..35-

80 481 214 566 Κλέοβιν
236 483 288 550 καὶ
310 482 451 560 Βίτωνα;
491 489 605 548 XXIX.
631 487 711 546 241
741 481 771 547 οἱ
803 483 875 560 περὶ
901 481 959 546 τὸν
984 477 1149 561 Λυκόρταν
1173 477 1226 547 καὶ

80 587 249 666 Πολύβιον
264 587 445 653 ἐδίδασκον.
491 590 650 648 Nonnullis
673 591 748 646 locis
771 584 802 648 οἱ
824 585 895 662 περί
914 605 985 648 τινα
1001 590 1041 644 de
1064 589 1224 646 comitibus

79 692 215 766 intellegi
235 710 297 748 non
319 710 411 767 posse
430 693 504 749 inde
526 699 663 766 apparet,
687 691 771 765 quod
792 689 921 746 comites
937 689 984 745 vel
999 689 1087 746 amici
1103 691 1223 747 disertis

80 792 181 849 verbis
204 794 409 864 nominantur,
448 793 530 848 velut
562 791 599 850 V.
626 793 724 862 62.2;
753 790 791 846 Χ.
815 793 864 848 37.
880 792 908 849 7.
953 787 1102 847 Consules
1126 809 1143 847 a
1166 789 1225 847 Po·

79 894 163 968 lybio
186 895 307 968 saepius
330 892 373 950 ita
396 893 603 969 significantur
626 901 659 948 ut
683 891 764 948 dicat
780 885 810 950 o‘r
826 886 897 965 περί
921 909 989 948 cum
1012 891 1132 949 alterius
1155 909 1225 949 con-

80 995 156 1052 sulis
186 995 320 1064 nomine,
348 995 429 1052 velut
450 993 508 1052 ΙΙΙ.
537 995 603 1052 106.
628 995 645 1050 2
680 973 959 1067 προχειρισθέντες
981 987 1043 1051 ὑπὸ
1065 992 1130 1053 τῶν
1153 989 1226 1067 περὶ

79 1093 140 1156 τὸν
163 1091 316 1172 Αἰμίλιον;
357 1097 424 1155 106.
453 1099 482 1166 3,
507 1097 575 1154 106.
600 1096 620 1153 4
656 1093 723 1166 τοῖς
745 1091 781 1153 δὲ
804 1090 875 1168 περὶ
901 1090 958 1153 τὸν
982 1090 1096 1153 Γναῖον
1118 1088 1225 1154 διεσά·

80 1193 196 1272 φηὸαν
228 1193 438 1276 (intellegendi
471 1211 541 1259 sunt
573 1199 628 1259 Cn.
655 1200 797 1266 Servilius
819 1210 852 1256 et
874 1199 916 1260 M.
939 1200 1073 1275 Regulus
1101 1218 1226 1274 praece·

79 1301 183 1357 dentis
195 1303 267 1358 anni
281 1305 432 1371 consules,
444 1312 508 1361 tum
522 1301 744 1378 proconsules).
761 1303 817 1358 His
827 1321 865 1358 ex
881 1302 1025 1376 exemplis
1043 1301 1108 1358 lore
1124 1319 1224 1377 spere,

81 1411 116 1458 ut
143 1413 292 1477 appareat
328 1407 412 1480 apud
439 1404 596 1480 Polybium
632 1405 762 1478 primum
797 1403 984 1460 locutionem
1007 1403 1088 1458 illam
1110 1421 1225 1460 meram

80 1503 241 1562 formulam
265 1523 333 1562 esse
349 1505 464 1564 factam
485 1507 574 1562 etita
595 1505 775 1567 adhibitam,
799 1511 832 1560 ut
854 1506 894 1561 de
916 1505 1116 1578 complurium
1134 1505 1224 1579 signi·

81 1604 226 1662 ficatione
246 1607 349 1664 multis
373 1607 446 1664 locis
469 1607 593 1663 omnino
615 1624 678 1663 non
701 1606 796 1679 possit
819 1605 955 1678 cogitari.

183 1707 272 1764 Idem
295 1708 376 1766 valet
408 1710 448 1765 de
470 1708 688 1783 posterioribus
713 1705 839 1781 Polybio
869 1707 1073 1780 scriptoribus,
1097 1723 1225 1780 quorum

82 1809 230 1866 nonnulla
251 1811 393 1886 exempla
417 1810 522 1868 afferre
543 1810 644 1868 liceat.
674 1809 802 1866 Diodor.
824 1807 845 1868 l.
870 1810 917 1868 37.
940 1811 956 1866 3
980 1825 1046 1884 sqq.
1071 1808 1225 1880 11.25.4;

83 1911 181 1977 60.1;
220 1909 288 1970 VlI.
313 1913 341 1970 5.
363 1914 395 1978 l;
433 1910 557 1986 Dionys.
580 1909 678 1970 Helie.
704 1911 745 1966 de
767 1909 865 1968 Thuc.
890 1910 953 1966 iud.
978 1908 1028 1969 Vl.
1053 1911 1088 1984 13
1116 1908 1164 1966 LI.
1189 1911 1224 1976 33

83 2011 168 2070 Antt.
192 2011 215 2072 Ι.
240 2013 342 2089 83.3;
379 2011 418 2070 ΙΙ.
443 2014 491 2070 40.
521 2015 539 2070 2
573 2005 641 2089 (cfr.
670 2012 718 2068 38.
748 2013 778 2081 3;
818 2012 866 2068 39.
891 2007 938 2085 2);
976 2011 1082 2081 50.1;
1121 2011 1224 2079 112.4;

83 2109 193 2168 Strabo
215 2113 303 2172 XIII.
319 2131 367 2187 pg.
385 2115 445 2172 627
468 2107 530 2186 §8.
574 2111 680 2169 Nubes
703 2113 909 2184 exemplorum
931 2131 948 2168 e
972 2110 1124 2168 Plutarchi
1145 2110 1225 2166 libris

84 2213 186 2286 colligi
209 2222 322 2287 potest,
346 2231 363 2269 e
386 2215 495 2289 quibus
518 2213 596 2270 haec
618 2213 742 2270 afferam
765 2212 838 2272 Vitt.
862 2216 911 2272 95.
925 2213 959 2272 B.
983 2214 1043 2270 300
1056 2211 1093 2272 D.
1117 2212 1175 2270 343
1189 2211 1225 2272 D.

84 2314 147 2371 420
162 2312 200 2372 D.
238 2316 299 2373 530
321 2314 357 2373 E.
395 2313 504 2374 651Β.
538 2317 597 2374 736
615 2315 649 2370 F.
683 2316 743 2374 819
761 2313 793 2370 B.
817 2316 877 2373 877
894 2314 929 2373 E.
954 2315 1014 2373 978
1033 2313 1069 2390 E,
1093 2315 1152 2372 979
1177 2312 1225 2386 Β,;

83 2413 162 2473 Mor.
186 2417 246 2474 268
269 2416 294 2472 F
303 2409 335 2488 1).

597 2652 614 2734 ᾗ
640 2657 676 2717 lI.
699 2675 727 2716 a.

186 2775 284 2833 Nemo
315 2786 370 2845 est,
408 2777 480 2850 quin
513 2777 599 2843 sciat,
636 2775 813 2850 posterioris
841 2776 949 2832 aetatis
972 2775 1134 2848 scriptores
1158 2792 1227 2847 per-

83 2877 187 2934 multis
220 2878 374 2934 vocabulis
408 2885 568 2951 poetarum
595 2878 727 2934 sermoni
748 2877 876 2952 propriis
897 2893 970 2933 usos
993 2893 1071 2945 esse,
1108 2893 1171 2930 non
1194 2883 1226 2931 ut

85 2978 271 3034 ornatiorem
305 2979 473 3035 redderent
505 2978 699 3050 locutionem,
737 2979 794 3034 sed
826 2978 912 3052 quod
938 2977 1091 3051 poeticam
1113 2976 1228 3032 illarum

86 3096 197 3136 vocum
217 3088 358 3136 naturam
379 3098 441 3136 non
463 3079 524 3135 iam
546 3079 727 3138 sentiebant.
772 3077 865 3135 Cuius
888 3079 1007 3152 generis
1031 3077 1123 3134 verba
1144 3077 1228 3134 haud

85 3197 188 3254 pauca
210 3181 293 3255 apud
315 3179 534 3257 Palaephatum
556 3197 679 3256 quoque
698 3181 897 3254 reperiuntur.

91 3257 97 3278 ¹
188 3279 455 3339 substantiva:
479 3276 671 3354 αἰχμητής
695 3277 757 3355 (pg.
780 3281 849 3338 280.
870 3279 920 3353 11)
944 3281 1068 3336 νεώρια
1095 3289 1142 3337 est
1163 3279 1228 3337 Ho-

86 3382 235 3443 mericum
258 3382 436 3456 saepissime
452 3399 470 3437 a
485 3384 585 3456 poetis
607 3383 760 3455 usitatum,
783 3385 867 3456 quod
890 3383 972 3455 apud
993 3384 1144 3456 pedestris
1168 3401 1229 3439 ser·

85 3483 187 3540 monis
224 3481 384 3557 scriptores
408 3481 540 3556 (omissis
570 3484 614 3539 eis
637 3484 718 3558 locis,
747 3484 799 3539 ubi
824 3491 877 3539 aut
898 3482 1024 3539 Homeri
1046 3483 1138 3539 verba
1159 3482 1229 3538 affe-

82 3593 200 3660 runtur,
223 3592 276 3640 aut
292 3592 375 3640 certe
387 3584 428 3640 ad
449 3601 537 3640 usum
549 3583 744 3642 Homericum
765 3585 870 3642 alludit
887 3585 1022 3658 scriptor,
1045 3584 1126 3640 velut
1142 3582 1228 3639 Plato

82 3685 186 3762 Symp.
209 3687 269 3744 174
292 3683 334 3754 C;
358 3685 434 3758 Rep.
456 3683 639 3758 111.411Β;
674 3685 815 3759 Xenoph.
839 3683 932 3744 Mem.
957 3683 1012 3744 Ill.
1036 3686 1064 3744 2.
1085 3678 1118 3759 2)
1141 3684 1227 3740 raris·

193 3925 219 3992 1)
247 3925 451 3976 Scholiastarum
481 3933 507 3974 et
534 3917 690 3991 scriptdrum
717 3927 870 3976 eroticorum
897 3926 1014 3992 exempla
1034 3925 1136 3991 aliquot
1154 3925 1231 3975 colle-
1261 3949 1263 3953 ¹

81 4021 180 4078 gerunt
201 4014 359 4064 Valckenar.
389 4014 423 4063 ad
452 4013 537 4066 schol.
557 4015 659 4066 Phoen.
678 4031 702 4066 v.
724 4013 776 4066 102
795 4021 821 4064 et
837 4014 920 4064 Lehrs
941 4023 1055 4080 quaesit.
1085 4015 1166 4080 epicc.
1185 4029 1228 4078 pg.

87 4103 125 4155 28
147 4102 207 4154 adn.
237 4103 290 4165 (cir.
310 4103 388 4152 etiam
406 4103 495 4166 Viger.
514 4117 557 4166 pg.
578 4101 593 4154 'l
613 4119 670 4167 sqq.
690 4103 768 4164 adn).
805 4103 893 4165 Digni,
920 4104 966 4168 qui
994 4110 1229 4152 commemorantur

82 4199 148 4242 sunt
167 4192 220 4240 loci
238 4193 338 4253 Evang.
360 4191 418 4242 Ioh.
438 4191 479 4242 11.
505 4189 537 4242 19
558 4189 585 4244 αἱ
603 4192 667 4256 περὶ
687 4190 805 4256 Μάρθαν
824 4192 870 4242 καὶ
890 4190 1003 4257 Μαρίαν
1022 4191 1129 4256 (Winer
1151 4188 1227 4258 §ts

78 4281 96 4331 i.
117 4293 163 4344 pg.
183 4278 248 4343 379)
277 4285 302 4328 et
326 4279 378 4328 duo
397 4279 539 4328 Heliodori
560 4280 621 4346 loci,
639 4280 686 4328 ubi
705 4280 804 4329 nomini
834 4281 959 4330 feminino
978 4280 1149 4346 praemittitur
1168 4279 1229 4326 arti·

82 4369 161 4418 culus
180 4369 283 4429 generis
303 4367 455 4418 masculini:
467 4367 596 4432 Aethiop.
615 4369 637 4418 I.
656 4366 689 4426 3;
709 4369 730 4418 1.
744 4367 761 4419 8
775 4365 831 4433 (cfr.
845 4369 994 4432 Guttentag.
1015 4369 1048 4416 de
1068 4368 1229 4420 subdito...

82 4456 148 4508 dial.
166 4456 300 4506 Toxaride
318 4472 363 4521 pg.
382 4455 438 4523 63).
