2914 4980
715 333 855 388 ..54-

218 513 272 571 sub
295 513 473 587 Palaephati
495 511 575 568 Parii
598 511 723 568 nomine
744 511 908 568 afferuntur
929 505 1076 570 ἀπίστων
1099 507 1202 586 βιβλία
1225 499 1260 588 ε’,
1285 530 1362 586 quos

218 616 307 672 libros
329 615 367 670 ab
391 614 454 670 aliis
467 613 648 670 Atheniensi
670 611 760 668 tribui
782 612 910 686 legimus
933 607 1153 684 (vetustissimo
1176 611 1216 668 illi
1239 621 1364 688 poetae,

218 725 251 772 ut
273 716 427 773 Fabricius
457 715 518 771 iam
548 715 704 782 intellexit,
739 732 810 770 nam
838 713 915 770 alter
938 713 1144 787 Palaephatus
1164 713 1363 772 Atheniensis

218 811 378 889 nonfuit).
421 815 510 872 Idem
540 833 617 890 opus
651 816 744 872 etiam
766 815 966 894 grammatico
988 814 1141 888 Aegyptio
1164 815 1363 885 tribuebatur,

217 918 301 974 cuius
323 918 380 974 sub
402 917 525 974 nomine
544 915 655 973 Suidas
673 916 765 993 *affert
787 914 926 987 μυθικῶν
948 911 1069 990 βιβλίον
1092 913 1137 990 α’,
1159 912 1271 990 λύσεις
1297 916 1362 976 τῶν

219 1019 358 1090 μυθικῶς
380 1012 555 1090 εἰρημένων
577 1011 641 1094 (cfr.
663 1035 713 1091 pg.
737 1018 811 1088 11.).

316 1119 456 1176 Eandem
480 1126 593 1174 sortem
616 1117 702 1174 alteri
734 1117 820 1191 operi
849 1117 1011 1174 obvenisse
1039 1117 1113 1174 inde
1136 1117 1286 1190 cognosci
1308 1136 1364 1192 po·

218 1228 287 1294 test,
311 1221 395 1294 quod
417 1219 472 1277 sub
496 1219 675 1293 Palaephati
698 1218 839 1292 Aegyptii
860 1218 985 1274 nomine
1008 1213 1136 1292 Τρωικά
1159 1219 1251 1276 allata
1274 1237 1361 1292 repe·

194 1302 198 1308 ¹
218 1321 318 1393 rimus,
344 1338 406 1395 quo
429 1321 498 1377 loco
522 1321 646 1377 additur
669 1336 745 1392 opus
767 1319 843 1374 illud
863 1319 900 1376 ab
925 1319 992 1375 aliis
1013 1318 1204 1395 Atheniensi,
1236 1321 1275 1376 ab
1299 1320 1363 1376 aliis

218 1422 308 1480 Pario
329 1422 428 1480 tribui.
482 1421 553 1478 Hoc
584 1421 675 1495 igitur
706 1420 873 1476 dicendum
902 1437 971 1477 esse
995 1422 1132 1480 videtur:
1171 1421 1234 1479 Sub
1256 1421 1363 1480 Palae·
1386 1443 1389 1454 ¹

218 1522 303 1597 phati
335 1522 460 1580 alicuius
494 1523 620 1578 nomine
654 1521 920 1578 circumferebatur
950 1539 1028 1596 opus
1058 1523 1099 1578 de
1137 1523 1364 1579 incredibilibus

218 1623 394 1698 inscriptum
425 1632 456 1680 et
479 1623 600 1696 Troica,
635 1623 692 1680 sed
714 1641 752 1678 ex
774 1623 900 1680 diversis
922 1623 1116 1698 Palaephatis
1140 1625 1221 1680 notis
1244 1624 1365 1680 cuinam

218 1743 345 1782 revera
369 1725 531 1782 tribuenda
566 1731 669 1780 essent
699 1740 794 1798 opera
823 1741 892 1780 cum
928 1741 991 1779 non
1023 1732 1188 1792 constaret,
1221 1726 1363 1782 omnibus

219 1827 365 1900 deinceps
400 1825 594 1900 Palaephatis
625 1833 758 1898 excepto
793 1841 841 1892 eo,
880 1842 972 1898 quem
1000 1825 1169 1882 fabularum
1188 1825 1366 1882 Romanen-

220 1927 297 1983 sium
319 1927 496 2001 scriptorem
518 1943 586 1982 esse
612 1927 785 2000 constabat,
808 1934 968 2000 utrumque
992 1943 1070 2001 opus
1093 1927 1291 1986 tribuebatur.

320 2025 389 2097 Qua
418 2045 487 2083 cum
521 2027 664 2083 librorum
691 2026 969 2101 Palaephateorum
1000 2033 1082 2084 sorte
1110 2027 1239 2084 conferri
1261 2036 1367 2102 potest

224 2129 354 2196 fortuna,
376 2145 466 2202 quam
489 2123 679 2201 περιήγησις
702 2122 890 2200 οἰκουμένης
923 2127 977 2184 sub
1000 2126 1139 2202 Dionysii
1162 2129 1288 2186 alicuius
1310 2147 1366 2185 no·

221 2231 303 2286 mine
334 2229 509 2286 circumlata
535 2227 651 2286 habuit.
702 2226 795 2285 Cuius
820 2229 920 2302 operis
942 2245 1029 2284 verus
1052 2238 1161 2286 auctor
1183 2247 1251 2286 cum
1275 2239 1368 2288 notus

220 2349 281 2386 non
304 2338 393 2406 esset,
428 2330 513 2403 apud
537 2329 661 2386 Suidam
687 2326 876 2403 περιήγησις
909 2324 1099 2404 οἰκουμένης
1131 2349 1168 2386 ex
1198 2332 1366 2388 duodecim

222 2431 376 2508 Dionysiis
400 2431 563 2487 nominatis
584 2439 616 2486 et
638 2429 786 2504 Dionysio
809 2428 967 2488 Corinthio
991 2441 1022 2488 et
1049 2431 1171 2488 Milesio
1195 2441 1227 2488 et
1242 2433 1366 2489 Rhodio

221 2534 266 2589 vel
292 2532 394 2590 Samio
418 2532 613 2591 tribuebatur.

322 2630 443 2703 Quodsi
464 2634 645 2708 quaerimus,
669 2634 810 2707 quisnam
831 2652 864 2690 re
887 2651 958 2690 vera
974 2633 1067 2691 libelli
1083 2635 1122 2691 de
1136 2634 1364 2692 incredibilibus

220 2735 356 2808 inscripti
397 2744 504 2791 auctor
547 2735 640 2792 fuisse
684 2735 838 2802 videatur,
886 2736 926 2791 de
962 2735 1115 2810 Aegyptio
1163 2736 1364 2808 grammatico

221 2835 287 2891 solo
321 2836 457 2908 cogitare
492 2852 663 2910 possumus.
708 2833 787 2891 Nam
816 2835 1010 2892 Atheniensis
1044 2836 1093 2892 ille
1129 2853 1230 2910 neque
1263 2845 1367 2911 potest

221 2953 290 2992 esse
313 2947 435 3014 auctor,
450 2955 550 3011 neque
564 2937 598 3009 is,
621 2937 671 3011 qui
693 2937 800 2992 librum
824 2938 1013 3013 conscripsit,
1036 2955 1069 2992 se
1088 2937 1171 2994 illum
1186 2955 1257 2994 esse
1274 2937 1365 2994 simu·

221 3039 281 3094 lare
314 3037 416 3105 voluit,
453 3055 522 3094 cum
557 3039 632 3094 alios
669 3038 871 3112 posteriorum
907 3047 1079 3112 temporum
1111 3039 1191 3094 viros
1219 3039 1367 3112 nominet,

221 3156 350 3212 quorum
383 3140 596 3196 auctoritatem
631 3155 697 3196 sese
721 3146 860 3195 secutum
882 3157 952 3196 esse
973 3140 1058 3198 dicit.
1104 3139 1152 3196 De
1173 3139 1263 3196 Pario
1287 3141 1366 3215 cogi·

222 3249 287 3296 tare
309 3239 380 3295 ideo
411 3258 475 3296 non
496 3257 668 3316 possumus
701 3242 787 3314 quod
810 3249 920 3315 quarto
944 3260 970 3300 a.
1001 3239 1071 3300 Chr.
1094 3240 1217 3298 saeculo
1242 3241 1368 3298 ineunte

219 3341 331 3398 vixisse
353 3342 491 3409 traditur,
523 3361 592 3399 cum
615 3329 794 3416 opusculum
822 3338 895 3415 περὶ
919 3337 1069 3401 ἀπίστων
1096 3351 1168 3399 ante
1197 3345 1367 3400 secundum

221 3461 250 3501 a.
273 3441 341 3502 Chr.
376 3443 532 3500 saeculum
560 3444 704 3518 scriptum
731 3459 800 3500 esse
828 3459 892 3498 non
915 3460 1009 3517 posse
1030 3461 1047 3498 e
1070 3443 1231 3500 verborum
1257 3461 1314 3500 usu
1338 3454 1369 3501 et

223 3544 347 3600 dicendi
368 3561 481 3618 genere
515 3545 762 3602 concludendum
785 3545 833 3600 sit.
878 3543 909 3600 Si
932 3546 1149 3618 grammaticus
1171 3545 1221 3602 ille
1244 3546 1366 3619 Aegyp-

222 3646 292 3712 tius
327 3645 411 3702 cuius
443 3654 578 3702 aetatem
601 3645 711 3702 Suidas
745 3663 808 3701 non
842 3644 998 3718 indicavit,
1037 3647 1136 3720 operis
1159 3643 1368 3720 Palaephatei,

222 3747 305 3804 cuius
328 3747 430 3804 adhuc
452 3747 656 3822 fragmentum
679 3756 824 3822 servatur,
847 3754 1029 3821 auctorest,
1047 3755 1181 3804 aetatem
1196 3747 1263 3804 eius
1280 3765 1368 3803 accu-

222 3847 315 3905 ratius
337 3849 380 3905 sic
402 3848 528 3904 definire
550 3864 723 3922 possumus,
747 3856 781 3903 ut
802 3848 938 3903 dicamus
963 3863 1033 3902 eum
1056 3865 1156 3922 neque
1177 3847 1271 3904 multo
1295 3860 1367 3904 ante

223 3949 340 4023 Polybii
370 3957 504 4006 aetatem
538 3965 640 4022 neque
674 3957 745 4022 post
775 3948 946 4004 Flaviorum
979 3949 1198 4022 imperatorum
1229 3957 1369 4022 tempora

142 4101 145 4108 .
224 4049 370 4108 floruisse.
430 4048 521 4107 Certe
555 4055 657 4106 autem
693 4048 914 4123 Palaephatum
938 4050 1122 4122 Aegyptium
1161 4047 1254 4104 libelli
1290 4047 1369 4104 illius

223 4160 379 4207 auctorem
410 4168 477 4208 esse
510 4151 569 4207 alio
602 4167 726 4225 qnoque
761 4159 942 4223 argumento
974 4149 1151 4206 confirmare
1179 4167 1272 4224 posse
1295 4149 1368 4207 mihi

223 4251 336 4308 videor.

320 4352 407 4410 Inter
433 4354 622 4428 grammatici
656 4352 744 4410 huius
781 4371 875 4428 opera
912 4353 1079 4427 reperimus
1114 4347 1288 4426 ὑποθέσεις
1322 4347 1368 4426 εἰς

266 4449 414 4528 ἰιυνίδην,
439 4456 522 4510 unde
547 4464 675 4530 apparet
697 4453 921 4530 Palaephatum
938 4456 1118 4530 Aegyptium
1134 4471 1261 4528 operam
1283 4472 1369 4510 suam
