2914 4980
570 306 664 360 -11

78 480 140 556 ipse
161 482 299 556 opusculi
321 489 428 540 auctor
448 481 522 539 dicit
543 499 579 541 se
600 478 674 557 περὶ
696 477 839 544 ἀπίστων
862 482 1020 560 scripsisse
1027 499 1035 553 ;
1057 491 1218 560 praeterea

79 601 116 640 ea
147 581 243 640 forma
278 583 387 658 legitur
416 585 499 659 apud
521 583 683 642 Theonem
716 585 733 644 l.
757 602 782 643 c.
806 579 884 645 ὅλον
907 579 1028 662 βιβλίον
1053 581 1125 660 περὶ
1154 586 1219 646 τῶν

78 676 221 743 ἀπίστων
242 679 512 760 ἐπιγραφόμενον.

173 783 352 859 Palaephati
375 785 506 844 libellum
527 794 680 844 servatum
702 803 765 842 non
785 803 853 844 esse
870 786 1028 861 ‘integrum
1049 787 1122 846 inde
1141 805 1218 864 quo·

79 903 137 960 que
158 885 302 944 concludi
323 894 436 962 potest,
459 887 545 961 quod
566 887 604 944 ab
627 887 691 944 aliis
714 888 910 962 scriptoribus
933 888 1007 946 satis
1029 889 1123 946 multa
1138 905 1222 947 cotn-

77 995 282 1044 memorantur
311 1005 349 1044 ex
374 987 552 1062 Palaephati
589 1005 682 1064 opere
712 989 885 1064 desumpta,
919 1007 1000 1064 quae
1036 991 1067 1048 in
1101 990 1220 1065 integro

77 1083 149 1162 περὶ
169 1083 315 1150 ἀπίστων
333 1089 408 1148 libro
431 1089 586 1146 exstitisse
608 1090 760 1166 videntur,
795 1091 852 1148 sed
874 1091 935 1148 iam
956 1107 1020 1148 non
1044 1098 1168 1148 exstant
1190 1091 1221 1148 in

77 1208 124 1259 eo,
157 1207 249 1266 quem
278 1208 337 1248 nos
367 1189 514 1248 habemus
542 1191 654 1251 libello.
698 1191 874 1266 Priusquam
895 1209 968 1250 vero
994 1192 1036 1248 ad
1058 1190 1114 1264 hos
1138 1191 1222 1250 looos

76 1291 296 1350 examinandos
331 1299 495 1366 transeam,
529 1301 605 1367 quot
634 1292 727 1350 fuisse
749 1293 815 1350 libri
837 1293 935 1369 operis
959 1291 1155 1368 Palaephatei
1178 1293 1221 1350 vi-

78 1395 214 1468 deantur,
236 1393 394 1470 inquiram.
833 1469 836 1478 ἱ

175 1493 283 1554 Suidas
304 1513 328 1554 s.
352 1513 379 1554 v.
409 1491 625 1572 Παλαίφατος
657 1490 782 1570 Πάριος
820 1504 1040 1554 commemorat
1073 1489 1220 1558 ἀπίστων

78 1591 179 1671 βιβλία
192 1587 227 1666 ε’,
247 1614 270 1656 s.
294 1616 320 1654 v.
344 1591 561 1672 Παλαίφατος
582 1591 752 1671 Αἰγύπτιος
773 1597 860 1654 affert
882 1597 1021 1672 μυθικῶν
1045 1593 1165 1673 βιβλίον
1179 1586 1224 1666 α’,

76 1691 185 1771 λύσεις
207 1695 274 1756 τῶν
305 1697 445 1773 μυθικῶς
468 1692 655 1775 εἰρημένων,
684 1715 764 1773 quas
798 1715 905 1756 omnes
938 1698 1151 1774 inscriptiones
1181 1699 1223 1756 ad

77 1816 170 1854 unum
191 1797 337 1874 idemque
359 1795 442 1873 'opus
470 1798 649 1856 referendas
670 1813 738 1857 esse
759 1799 820 1857 iam
842 1799 961 1874 pridem
981 1799 1128 1874 suspicati
1150 1807 1222 1856 sunt

75 1898 129 1956 viri
152 1899 243 1957 docti.
286 1894 431 1962 ἀπίστων
462 1897 565 1978 βιβλία
594 1911 625 1959 et
648 1897 758 1976 λύσεις
787 1901 854 1963 τῶν
884 1891 1023 1978 μυθικῶς
1045 1897 1223 1976 εἰρημένων

77 2001 197 2056 diversa
226 2019 291 2058 non
313 2019 381 2060 esse
404 2020 443 2058 ex
464 2002 602 2060 Theonis
623 2004 721 2060 verbis
744 2020 893 2080 apparere
911 2002 982 2060 mihi
1005 2003 1132 2078 videtur,
1169 1997 1224 2078 qui

77 2102 117 2158 de
140 2101 216 2159 libro
238 2101 447 2178 Palaephateo
470 2103 560 2164 dicit:
595 2100 630 2165 ἐν
653 2100 679 2183 ᾧ
702 2101 742 2164 τὰ
763 2104 896 2165 τοιαῦτα
921 2099 1089 2164 ἐπιλύεται.
1111 2097 1223 2178 λύσεις

76 2201 142 2262 τῶν
165 2203 302 2278 μυθικῶς
323 2198 500 2279 εἰρημένων
521 2205 606 2263 idem
626 2223 695 2263 esse
718 2222 797 2280 opus
819 2223 857 2263 ac
885 2204 1024 2280 μυθικῶν
1047 2200 1168 2281 βιβλίον
1192 2198 1221 2265 α’

77 2303 125 2359 vix
154 2304 315 2378 quisquam
343 2322 458 2379 negare
487 2307 609 2388 poterit.
659 2307 768 2382 Itaque
790 2306 901 2364 Suidas
922 2306 1007 2363 idem
1028 2305 1105 2380 opus
1127 2307 1222 2374 modo

74 2422 112 2460 ex
136 2405 270 2481 quinque
292 2407 384 2475 libris,
404 2408 500 2465 modo
522 2425 560 2464 ex
583 2426 645 2466 uno
667 2407 742 2465 libro
764 2409 941 2466 constitisse
963 2407 1070 2465 testari
1092 2407 1222 2466 videtur.

73 2507 169 2580 Quod
196 2508 221 2565 si
244 2516 349 2566 cetera
369 2509 546 2568 testimonia
567 2511 786 2588 examinamuS,
817 2510 957 2578 Malalas
989 2507 1128 2580 Tzetzes,
1162 2507 1224 2565 Eu·

72 2607 204 2666 stathius
239 2610 383 2667 librorum
419 2629 577 2670 numerum
613 2630 675 2669 non
713 2619 973 2682 commemorant;
1009 2611 1086 2668 liber
1110 2609 1224 2685 primus

71 2711 215 2768 laudatur
251 2712 290 2768 ab
324 2711 460 2770 Eusebio
498 2713 616 2784 (chron.
640 2715 710 2774 776.
738 2713 778 2773 11.
807 2731 857 2789 pg.
881 2713 931 2773 48.
955 2711 1111 2784 Schoene;
1152 2709 1224 2774 700.

70 2811 108 2871 II.
140 2829 191 2886 pg.
214 2813 265 2884 42,
304 2811 431 2872 Hieron.
466 2813 536 2874 847.
568 2813 606 2874 ΙΙ.
633 2831 683 2889 pg.
708 2811 769 2890 55),
806 2814 845 2870 ab
868 2811 979 2872 Orosio
1001 2805 1037 2891 (1.
1062 2809 1149 2882 13.§
1178 2806 1225 2888 4).

72 2912 192 2970 Probus
213 2913 245 2970 in
267 2912 358 2988 Verg.
383 2914 571 2990 Georg.111.
597 2917 654 2975 113
675 2911 738 2991 (pg.
763 2917 811 2974 60.
835 2911 920 2989 Keil)
943 2913 1035 2972 dicit:
1058 2919 1093 2970 ut
1113 2911 1222 2970 Palae·

71 3013 185 3089 phatus
207 3014 239 3070 in
261 3014 336 3072 libro
359 3009 506 3076 ἀπίστων
529 3016 581 3087 ait,
606 3015 695 3074 Theo
718 3034 803 3093 prog.
828 3015 880 3072 VI.
903 3034 953 3091 pg.
977 3017 1047 3073 221.
1071 3011 1137 3072 W.:
1172 3007 1225 3072 καὶ

72 3109 278 3194 Παλαιφάτῳ
310 3118 355 3198 τῷ
388 3112 633 3197 Περιπατητικῷ
667 3113 755 3177 ἐστιν
787 3112 866 3178 όλον
902 3112 1024 3192 βιβλίον
1056 3111 1129 3189 περὶ
1158 3112 1223 3174 τῶν

71 3211 216 3276 ἀπίστων
239 3212 509 3292 ἐπιγραφόμενον.
554 3219 633 3275 Fieri
657 3235 731 3276 sane
752 3225 865 3293 potest,
889 3226 923 3274 ut
945 3225 975 3275 et
998 3215 1128 3283 Probus,
1151 3233 1221 3273 cum

72 3318 192 3374 diceret
226 3318 277 3396 „in
300 3314 406 3393 libro“‚
442 3328 474 3376 et
495 3319 594 3389 Theo,
631 3337 701 3377 cum
724 3320 841 3378 diceret
879 3313 980 3391 ,,όλον
1004 3313 1151 3394 βιβλίονίί,
1183 3317 1224 3373 de

69 3419 207 3494 pluribus
229 3420 316 3478 unius
340 3421 441 3496 operis
464 3420 546 3478 libris
570 3421 757 3496 cogitaverit,
792 3420 850 3478 sed
877 3419 1046 3494 videamus,
1070 3434 1224 3493 quaenam

71 3519 210 3578 Theonis
238 3520 298 3578 loci
330 3523 485 3580 sententia
516 3539 586 3581 esse
613 3523 762 3582 videatur.
807 3521 896 3580 Theo
920 3538 987 3597 cap.
1009 3519 1061 3579 VI.
1085 3519 1222 3596 exponit,

70 3623 232 3696 quomodo
254 3623 461 3681 narrationem
484 3623 617 3700 aliquam
640 3623 743 3682 fictam
761 3639 830 3680 esse
854 3622 1000 3698 cognosci
1015 3620 1120 3696 possit.
1143 3618 1224 3677 Tum

72 3722 247 3798 complures
281 3733 440 3782 enumerat
473 3725 648 3799 scriptores,
684 3723 735 3798 qui
767 3725 851 3781 unde
883 3723 1044 3781 fluxissent
1074 3721 1225 3778 eiusmodi

69 3824 266 3884 narrationes
298 3825 576 3884 demonstraverint
614 3825 835 3900 (Herodotum,
865 3824 1037 3900 Platonem,
1068 3821 1225 3898 Ephorum

68 3923 240 4000 nominat);
277 3936 433 4002 postremo
461 3927 508 3985 his
531 3928 737 4003 scriptoribus,
770 3927 822 4002 qui
853 3925 976 4001 singulis
1003 3933 1125 3984 tantum
1149 3925 1225 3984 locis

70 4027 149 4085 data
175 4028 341 4085 occasione
363 4029 514 4087 eiusmodi
547 4047 595 4087 res
629 4028 795 4104 attigerint,
832 4027 962 4103 opponit
991 4027 1222 4102 Palaephatum,

69 4129 125 4205 qui
148 4129 362 4205 conscripserit
384 4125 464 4190 όλον
485 4126 607 4206 βιβλίον
622 4127 695 4204 περὶ
709 4130 774 4190 τῶν
790 4123 936 4189 ἀπίστων
954 4124 1224 4203 ἐπιγραφόμενον,

68 4228 106 4291 ἐν
128 4232 156 4312 ῷ
177 4226 218 4290 τὰ
239 4231 372 4292 τοιαῦτα
394 4227 563 4292 ἑπιλύεται·
591 4225 664 4292 olor
687 4226 736 4291 ότι
759 4227 933 4305 Κένταυροι
961 4226 1018 4305 μὲν
1040 4223 1225 4303 ὑπελήφθη-

68 4342 138 4393 σαν
169 4327 200 4392 οἱ
231 4332 354 4407 πρῶτοι
376 4326 428 4408 ἐφ’
453 4327 559 4393 ἵππων
589 4328 760 4408 ὀχούμενοι
775 4327 950 4407 ,ὀφθέντες
996 4325 1164 4404 Διομήδης
1187 4326 1223 4392 δὲ

70 4431 162 4514 spat
198 4427 247 4508 εἰς
281 4428 501 4508 ἱπποτροφίαν
531 4429 747 4509 ἐξαναλωθεὶς
776 4429 891 4508 ἐλέχθη
923 4428 987 4493 ύπό
1019 4432 1085 4491 τῶν
1122 4425 1222 4490 αὑτοῦ
