2914 4980
712 235 861 320 ..23¹-

217 409 336 490 Σάμιον
359 409 410 473 καὶ
430 407 593 487 Λάμισκον
616 419 668 469 aut
690 410 819 468 fortasse
846 405 1014 470 Μέλισσον
1036 405 1088 470 καὶ
1104 402 1269 483 Λάμισκον
1289 402 1370 480 τοὺς

218 511 360 591 Σαμίους
377 509 411 588 1).

312 615 421 691 ltaque
443 615 698 692 exscriptoribus
734 614 791 670 illis
825 612 1068 670 commemoratis
1100 611 1242 670 concludi
1266 629 1365 686 posse

216 717 335 775 videtur
358 717 535 791 Palaephati
557 715 664 773 librum
688 723 760 790 post
782 714 881 790 quarti
902 731 929 773 a.
954 711 1022 773 Chr.
1046 731 1076 774 n.
1100 713 1215 770 saeculi
1238 713 1362 770 initium

217 827 317 876 ortum
339 835 414 878 esse.
472 817 535 874 Sed
566 817 614 873 vel
643 833 681 874 ex
707 815 800 872 totius
831 814 923 890 libelli
950 821 1060 870 natura
1087 823 1117 872 et
1146 815 1271 890 ingenio
1295 832 1368 870 eum

217 921 311 976 multo
333 918 495 994 posteriori
517 918 612 975 aetati
635 915 829 974 tribuendum
856 932 925 972 esse
946 922 1084 990 apparet,
1120 916 1153 972 id
1181 915 1266 989 qnod
1293 933 1369 972 exa·

217 1021 333 1078 minato
356 1019 534 1095 Palaephati
565 1034 707 1076 sermone
739 1017 837 1091 magis
871 1017 963 1074 etiam
993 1018 1161 1091 apparebit.
1207 1017 1303 1088 Quod
1326 1018 1369 1072 ad

218 1140 348 1179 examen
369 1120 546 1196 priusquam
568 1129 731 1196 transeam,
755 1119 795 1174 de
817 1118 941 1189 ratione,
964 1134 1057 1190 quam
1079 1118 1271 1192 sequendam
1294 1135 1366 1176 esse

220 1240 343 1291 censeo,
365 1239 465 1296 pauca
487 1220 712 1296 praemittenda
735 1227 813 1278 sunt.
864 1217 894 1276 Si
916 1219 983 1293 quis
1007 1217 1186 1294 Palaephati
1208 1236 1298 1275 usum
1323 1218 1373 1274 di-

219 1324 310 1382 cendi
332 1323 559 1381 examinaturus
582 1329 613 1378 et
646 1340 715 1379 cum
746 1339 887 1378 sermone
910 1321 1036 1377 aliorum
1063 1319 1244 1396 scriptorum
1272 1320 1370 1377 colla-

222 1435 307 1484 turus
330 1431 386 1494 est,
408 1424 467 1480 hoc
487 1424 618 1480 maxime
634 1423 783 1498 respicere
807 1423 910 1490 debet,
935 1423 1018 1496 quod
1038 1438 1094 1478 nos
1113 1419 1260 1481 habemus
1277 1439 1370 1496 opus-

221 1527 323 1584 culum
345 1543 408 1584 non
430 1542 500 1582 esse
522 1525 629 1582 librum
651 1526 808 1599 integrum,
832 1525 889 1580 sed
903 1523 1031 1580 maioris
1051 1523 1151 1596 operis
1168 1521 1371 1595 fragmentum

223 1635 409 1702 excerptum.
464 1626 572 1702 Itaque
605 1628 636 1683 in
671 1627 858 1700 singulorum
886 1625 1046 1682 verborum
1068 1641 1125 1681 usu
1148 1626 1371 1699 perscrutando

226 1728 361 1803 inprimis
384 1745 510 1802 operam
532 1745 633 1785 meam
655 1728 867 1784 collocandam
890 1744 959 1784 esse
978 1735 1060 1784 ratus
1083 1743 1159 1794 sum,
1183 1733 1373 1782 cumcontra

227 1849 245 1884 e
268 1829 396 1904 syntaxi,
434 1846 527 1903 quam
549 1829 663 1896 dicunt,
699 1847 798 1904 pauca
813 1839 815 1844 ’
832 1837 949 1885 tantum
980 1835 1161 1903 argumenta
1192 1828 1372 1900 sumpserim

226 1947 327 2006 neque
351 1947 389 1987 ea
409 1931 546 1988 certiora.
591 1929 723 1986 Accedit
746 1946 825 1985 nova
847 1928 1009 1986 difficultas
1031 1929 1063 1985 in
1084 1928 1145 1986 hoc
1165 1927 1267 1984 libello
1291 1936 1373 1985 trac·

227 2033 335 2100 tando,
370 2033 455 2106 quod
488 2030 591 2106 paucis
615 2048 689 2087 sane
714 2031 788 2087 locis
812 2030 937 2088 codices
958 2031 1001 2086 ita
1024 2030 1103 2086 inter
1124 2049 1158 2088 se
1181 2030 1371 2106 discrepant,

228 2143 262 2190 ut
284 2132 406 2190 difficile
428 2133 467 2190 sit
489 2133 584 2203 dictu,
607 2135 764 2208 quodnam
787 2135 911 2190 verbum
935 2151 968 2189 re
982 2150 1054 2189 vera
1076 2131 1294 2208 aPalaephato
1317 2135 1371 2189 ad·

226 2234 354 2316 hibitum
375 2251 444 2292 esse
467 2234 615 2294 videatur.
647 2232 736 2304 Quae
759 2253 827 2292 cum
849 2235 893 2292 ita
914 2234 983 2304 sint,
1007 2234 1115 2292 dixerit
1137 2233 1268 2291 fortasse
1291 2235 1373 2310 quis-

224 2336 306 2410 piam
343 2337 467 2392 omnino
504 2353 543 2391 ex
576 2334 754 2410 Palaephati
791 2353 946 2409 sermone,
996 2335 1140 2411 quoniam
1175 2353 1215 2391 ne
1250 2335 1371 2410 singula

224 2436 349 2511 quidem
373 2438 465 2494 verba
488 2437 561 2493 satis
584 2444 734 2506 constent,
763 2437 833 2494 nihil
856 2438 1001 2496 concludi
1022 2453 1124 2512 posse.
1170 2435 1259 2508 Quae
1283 2437 1373 2494 dubi-

223 2539 299 2594 tatio
334 2537 398 2594 fore
428 2556 527 2615 spero,
561 2547 594 2594 ut
627 2539 830 2614 redarguatur
861 2539 966 2595 talium
996 2538 1203 2614 exemplorum
1236 2553 1371 2604 numero,

224 2640 276 2696 ubi
299 2658 404 2697 omnes
432 2640 553 2696 maioris
583 2641 731 2696 momenti
757 2641 878 2697 codices
909 2639 953 2698 ita
975 2641 1181 2714 consentiant,
1216 2645 1250 2694 ut
1272 2635 1304 2693 in
1324 2637 1369 2692 in-

224 2749 313 2814 tegro
337 2759 459 2817 quoque
487 2725 581 2816 opere
608 2741 668 2799 hoc
693 2742 801 2816 ipsum,
824 2743 909 2816 quod
930 2759 1013 2799 nunc
1035 2742 1162 2816 legimus
1185 2737 1371 2796 vocabulum

226 2843 378 2900 exstitisse
398 2860 526 2900 necesse
548 2844 594 2900 sit.
638 2842 670 2900 Si
693 2843 816 2917 triginta
840 2844 886 2900 vel
908 2844 1043 2918 pluribus
1065 2843 1138 2900 locis
1154 2841 1368 2915 Palaephateis

225 2944 284 3018 legi
307 2945 408 3019 verba,
446 2961 526 3018 quae
559 2952 631 3001 ante
658 2952 772 3000 certam
795 2952 928 3002 aetatem
951 2946 1035 3019 apud
1058 2960 1186 3018 graecos
1207 2943 1371 3017 scriptores

225 3063 289 3102 non
310 3047 509 3119 reperiuntur,
533 3043 852 3119 demonstraverimus
874 3045 923 3102 vix
946 3047 1107 3120 quisquam
1121 3042 1236 3119 poterit
1258 3060 1373 3118 negare

227 3145 407 3222 Palaephati
435 3145 570 3202 libellum
592 3154 663 3202 ante
685 3145 767 3222 illud,
782 3154 901 3221 tempus
925 3147 1071 3220 scriptum
1093 3163 1163 3204 esse
1185 3163 1249 3202 non
1271 3163 1371 3220 posse.

327 3245 405 3304 Cum
441 3247 544 3304 statim
582 3246 665 3304 haud
698 3247 801 3320 paucis
835 3265 872 3304 ex
903 3247 1001 3304 verbis
1034 3246 1199 3320 formisque
1226 3255 1375 3322 appareat

226 3347 333 3404 librum
356 3355 428 3404 ante
451 3348 617 3406 Alexandri
641 3349 745 3424 Magni
773 3359 803 3405 et
827 3349 998 3406 Aristotelis
1028 3356 1162 3406 aetatem
1190 3357 1290 3406 ortum
1311 3369 1373 3407 non

228 3465 305 3517 esse,
334 3465 371 3505 ea
399 3457 517 3506 tantum
545 3459 724 3522 argumenta
751 3450 921 3523 prolaturus
949 3467 1016 3506 sum
1045 3469 1083 3506 ex
1117 3450 1226 3526 quibus
1260 3469 1374 3524 cogno·

228 3558 329 3606 scatur
356 3549 578 3624 Palaephatum
601 3560 673 3625 post
696 3551 867 3608 Aristotelis
902 3559 1040 3626 tempora
1074 3552 1238 3626 scripsisse.
1301 3551 1372 3624 Quo

328 3739 357 3807 1)
377 3740 499 3789 Ceterum
518 3741 588 3789 hunc
607 3741 763 3806 Palaephati
782 3739 880 3807 locum,
909 3740 943 3790 ad
967 3757 1047 3806 quem
1065 3741 1118 3790 iam
1136 3742 1223 3790 nubes
1242 3743 1372 3793 coniectu·

227 3843 311 3876 rarum
335 3827 437 3894 prolata
463 3833 502 3876 est
531 3825 586 3892 (cfr.
605 3827 760 3878 Fischerum
784 3828 801 3878 l.
823 3825 859 3892 c.)
889 3828 926 3876 sic
955 3828 1171 3885 conformandum
1205 3844 1264 3879 esse
1291 3838 1373 3896 puto:

228 3915 259 3968 ἐν
278 3914 347 3983 ἀρχῇ
366 3916 509 3978 λέγοντας·
530 3915 615 3978 ἔστιν,
634 3915 651 3967 ἃ
671 3916 791 3980 ἐγένετο,
811 3917 857 3968 καὶ
875 3920 927 3968 νῦν
949 3918 994 3968 καί
1013 3917 1106 3975 {oron
1134 3917 1171 3966 ita
1190 3907 1248 3966 eim
1268 3925 1374 3967 senten-

227 4004 298 4070 tiam,
317 4021 395 4069 quam
414 4002 590 4054 Phasianinus
620 4001 800 4067 (Argentorat.
823 4004 899 4058 1517.
919 4005 966 4057 fol.
987 4003 1121 4069 werse),
1147 4005 1228 4065 Voss,
1254 4007 1376 4056 Brunner

228 4099 296 4140 recte
319 4091 374 4142 sine
397 4092 479 4140 dubio
504 4091 691 4153 desiderarunt,
717 4093 879 4142 efficeremus
906 4109 956 4142 nec
982 4099 1069 4143 tamen
1084 4092 1199 4157 ,longius
1218 4111 1233 4142 a
1252 4095 1374 4145 codicum

228 4179 354 4243 scriptura
372 4180 562 4230 recederemus.
598 4180 690 4245 Itaque
709 4179 774 4230 haec
794 4181 896 4230 exsistit
915 4182 1057 4231 sententia:
1076 4181 1169 4230 Laudo
1187 4182 1329 4232 Melissum
1349 4193 1375 4235 et

229 4266 380 4316 Lamiscum
404 4266 528 4334 Samium,
552 4267 598 4332 qui
622 4268 649 4318 in
677 4269 803 4334 principio
830 4267 895 4334 (scil.
922 4270 984 4319 libri
1013 4268 1134 4333 alicuius)
1164 4270 1268 4320 dicunt:
1308 4286 1376 4335 quae

231 4369 344 4419 unquam
359 4355 429 4404 facta
448 4361 518 4422 sunt,
537 4372 604 4406 nunc
623 4373 728 4424 quoque
748 4357 804 4408 fieri
823 4365 935 4424 possunt
954 4365 980 4408 et
998 4374 1102 4425 semper
1122 4357 1179 4408 fieri
1198 4364 1329 4425 poterunt.
