2914 4980
724 267 863 322 -30..

225 437 305 517 κάην
342 444 439 500 forma
469 444 625 519 reperitur,
659 445 745 502 velut
777 447 861 521 apud
894 444 1088 503 Plutarchum
1119 447 1196 508 Mor.
1233 449 1302 508 420.
1335 447 1368 506 B.

225 544 328 601 Winer
350 543 530 616 (Grammat.
555 548 610 604 des
633 547 878 608 neutestamentl.
900 547 1125 622 Sprachidioms
1149 549 1198 608 ed.
1214 548 1281 609 Vll.
1305 568 1365 608 cur.

225 649 404 705 Liinemann
428 649 552 723 Lipsiae
580 650 658 707 1867
681 667 731 722 pg.
756 648 810 718 83)
833 649 995 706 nonnullos
1026 650 1113 707 affert
1135 651 1230 720 locoS,
1253 649 1304 708 ubi
1326 652 1367 706 le·

225 749 323 823 gimus
345 747 589 823 κατακαήσομαι
621 748 749 806 formam
782 745 822 824 (i.
847 748 915 810 Cor.
939 752 966 827 3,
991 753 1046 822 15;
1085 753 1112 810 2.
1137 750 1216 811 Petr.
1240 748 1269 827 3,
1306 755 1365 824 10).

226 849 388 906 Praeterea
420 850 470 908 cfr.
494 850 629 908 Kiihner.
661 849 713 910 Gr.
737 850 789 910 Gr.
813 850 835 910 Ι.
866 845 884 926 ἓ
908 851 968 910 383
992 870 1042 926 pg.
1068 853 1143 921 841;
1172 852 1302 928 Kriiger.
1327 852 1364 911 II.

225 947 313 1026 §39.
336 969 385 1025 pg.
410 954 477 1011 129.

325 1048 464 1126 ἐξέπτη
499 1047 562 1128 (pg.
597 1053 677 1112 280»
701 1055 763 1127 20),
797 1072 875 1130 quae
908 1054 1005 1112 forma
1036 1071 1184 1129 persaepe
1218 1073 1236 1112 a
1267 1055 1367 1128 poetis

224 1161 383 1227 usurpatur
406 1148 472 1231 (cfr.
497 1155 632 1216 Kiihner.
656 1156 681 1214 1.
703 1150 796 1232 §383
820 1174 870 1230 pg.
895 1157 969 1228 891;
992 1157 1121 1230 Krriger.
1145 1155 1184 1214 II.
1211 1150 1228 1230 ξ
1253 1157 1292 1213 39
1316 1173 1367 1235 pg.

228 1255 310 1330 143),
332 1255 415 1327 apud
437 1255 595 1329 prosaicos
618 1257 780 1331 scriptores
807 1274 875 1314 sero
903 1257 1027 1314 demum
1049 1256 1205 1330 reperitur,
1228 1263 1262 1312 ut
1285 1257 1368 1330 apud

225 1353 371 1414 Plutarch.
395 1355 472 1416 Mor.
496 1359 556 1416 317
580 1358 627 1430 F.;
652 1358 768 1418 Arrian.
793 1358 890 1416 Anab.
912 1357 949 1414 II.
973 1361 1000 1416 3.
1023 1360 1056 1431 3;
1080 1357 1206 1416 Lucian.
1227 1355 1265 1416 D.
1292 1355 1368 1415 Mer.

226 1457 252 1523 9,
275 1458 294 1513 4
316 1449 358 1532 (3.
376 1450 465 1532 303);
490 1477 516 1516 v.
540 1457 609 1518 hist.
636 1462 662 1532 1,
677 1460 717 1518 28
741 1455 784 1534 (2,
801 1457 868 1531 92);
892 1457 992 1516 Prom.
1015 1459 1035 1515 4
1057 1455 1101 1533 (1,
1126 1452 1206 1525 188).

324 1556 595 1634 προςεποιήθη
620 1559 716 1618 forma
736 1578 786 1634 pg.
809 1561 907 1620 307.1
932 1560 964 1616 in
986 1559 1128 1616 omnibus
1151 1560 1369 1618 exstat·codd.

223 1666 343 1732 praeter
358 1659 391 1726 P,
414 1660 568 1736 quihabet
589 1658 868 1736 προςεποιήσατο;
891 1680 950 1719 nec
972 1678 1045 1718 vero
1061 1660 1178 1725 dubim,
1203 1660 1277 1734 quin
1298 1661 1368 1718 cod.

226 1757 248 1814 P
270 1758 403 1817 librarius
432 1743 620 1818 usitatiorem
643 1762 770 1820 sormam
792 1763 935 1820 intulerit.
980 1760 1058 1820 Cum
1080 1761 1119 1817 ab
1141 1760 1250 1817 Atticis
1273 1761 1368 1834 scrip·

104 1891 105 1896 κ
225 1860 338 1917 toribus
360 1861 426 1918 sola
443 1859 738 1937 ,προςεποιησάμην
769 1863 866 1920 forma
888 1871 1035 1939 usurpata
1057 1863 1104 1936 sit,
1133 1862 1288 1937 passivam
1310 1861 1368 1918 for-

223 1977 304 2016 mam
326 1961 439 2034 primus
462 1963 639 2021 adhibuisse
661 1965 782 2022 videtur
803 1965 945 2038 Polybius
969 1963 1007 2022 V.
1031 1965 1079 2024 25.
1102 1965 1135 2035 7;
1159 1962 1240 2020 XXI.
1266 1964 1315 2020 22.
1334 1965 1368 2034 1;

224 2071 383 2136 praeterea
413 2063 568 2122 Diodorus
594 2064 662 2124 XV.
691 2066 740 2126 46.
765 2067 801 2132 2;
839 2065 922 2123 XIX.
952 2062 979 2126 6.
1004 2067 1042 2136 23
1080 2063 1163 2123 XIX.
1186 2064 1236 2121 46.
1262 2067 1278 2121 1
1303 2058 1369 2139 (qui

223 2159 509 2238 προςεποιησάμην
544 2183 665 2240 quoque
700 2165 827 2222 formam
862 2159 1180 2238 adnuntiata).
1224 2163 1369 2220 Eundem

224 2264 255 2319 in
293 2265 419 2320 modurn
463 2265 522 2321 alia
559 2282 679 2342 quoque
712 2267 805 2323 medii
838 2267 1026 2341 deponentia
1057 2264 1228 2339 posteriore
1262 2272 1367 2320 aetate

223 2365 346 2439 passiva
377 2367 481 2422 aoristi
513 2367 610 2424 forma
642 2376 834 2442 usurpantur,
866 2368 946 2424 velut
973 2361 1157 2441 ἀπεκρίθην,
1191 2362 1368 2440 παρεγενή-

225 2467 284 2538 θην
305 2474 363 2524 etc.

787 2751 817 2808 b.

323 2867 421 2930 κατὰ
442 2866 513 2930 τὸν
536 2867 680 2930 δέοντα
702 2865 849 2944 χρόνον
884 2870 1011 2943 legImus
1042 2887 1091 2943 pg.
1114 2871 1184 2928 300.
1212 2871 1259 2938 12,
1282 2873 1368 2929 cuius

223 2972 383 3029 locutionis
405 2990 499 3028 unum
522 2972 696 3046 exemplum
718 2989 842 3046 prorsus
864 2971 1017 3044 geminum
1040 2972 1160 3045 repperi
1174 2973 1258 3046 apud
1275 2973 1366 3050 Poly-

223 3073 306 3129 bium
328 3072 381 3132 IX.
406 3075 433 3132 6.
461 3076 477 3132 7
502 3067 713 3147 ἀθροισθῆναι
746 3068 829 3147 πρὸς
859 3067 917 3132 τὸν
945 3067 1062 3131 δέοντα
1086 3068 1197 3146 καιρὸν
1229 3067 1275 3147 εἰς
1309 3071 1369 3147 τὴν

220 3161 355 3248 Ῥώμην.

324 3269 381 3350 εἰς
400 3269 628 3350 πράττομαί
650 3291 687 3333 τι
708 3269 814 3348 παρά
829 3289 938 3346 τινος
962 3273 1076 3330 locutio
1099 3282 1199 3331 exstat
1220 3293 1270 3350 pg.
1294 3276 1367 3335 297.

226 3377 272 3435 13.
317 3375 364 3432 Ab
385 3375 506 3450 optimis
529 3367 947 3450 scriptoribus'eigrrpdtrrew
968 3373 1016 3429 vel
1038 3374 1174 3432 medium
1196 3393 1264 3434 cum
1288 3378 1368 3434 duo-

222 3477 279 3533 bus
303 3477 481 3534 accusativis
504 3477 648 3551 coniungi
671 3477 757 3535 solet.
803 3473 881 3532 Cum
903 3473 1081 3548 Palaephati
1103 3476 1171 3533 loco
1194 3486 1369 3552 congruunt

223 3579 360 3634 nonnulli
388 3577 550 3635 Diodorei:
579 3577 672 3636 XIII.
695 3577 745 3635 42.
769 3579 800 3646 23
825 3576 912 3634 XIII.
937 3576 984 3634 47.
1011 3579 1029 3635 8
1060 3573 1090 3650 (ἓ
1114 3579 1131 3635 7
1156 3578 1258 3634 scribit
1287 3575 1368 3652 τοὺς

225 3674 260 3738 ἐν
287 3675 400 3752 αὐταῖς
434 3674 683 3752 νεωτερίζοντας
714 3673 937 3753 εἰςεπράττετο
969 3672 1128 3754 χρήματα)
1176 3688 1206 3735 et
1241 3678 1368 3752 Dionys.

222 3779 292 3840 Hal.
315 3780 399 3840 Antt.
424 3779 511 3838 VIII.
536 3781 584 3838 25.
629 3779 784 3837 Lucianus
817 3797 889 3836 vero
914 3778 1015 3838 Peras,
1045 3779 1084 3836 52
1108 3779 1150 3850 (2,
1176 3774 1251 3856 876)
1287 3780 1370 3836 Atti·

223 3897 327 3938 corum
349 3898 436 3938 usum
461 3881 604 3955 sequitur.

322 3979 448 4043 πολλὰ
480 3979 577 4042 κακὰ
610 3976 863 4056 εἰργάζοντο,
898 3977 961 4041 καὶ
984 3979 1027 4053 δὴ
1051 3977 1135 4042 κατ’
1157 3975 1275 4041 αὐτοῦ
1297 3981 1371 4041 τοῦ
1447 4039 1448 4046 ,

224 4081 296 4158 (om.
319 4083 397 4157 DM)
410 4079 538 4158 Ἰξίονος
560 4082 602 4151 (in
627 4082 654 4139 R
675 4091 759 4139 totus
783 4083 868 4140 locus
890 4083 1001 4140 librarii
1023 4083 1215 4158 neglegentia
1237 4083 1370 4140 omissus

223 4181 282 4259 est)
306 4186 433 4259 legimus
455 4202 505 4258 pg.
529 4185 599 4242 270.
625 4184 675 4253 14,
710 4201 789 4258 quae
819 4191 968 4241 structura
999 4183 1192 4241 acommuni
1212 4201 1279 4257 usu,
1304 4201 1369 4258 quo

222 4286 393 4360 postulatur
414 4281 496 4344 κακὰ
518 4278 690 4358 ἐργάζομαί
712 4300 782 4343 τινα
805 4281 852 4355 (ut
873 4285 982 4358 legitur
1006 4283 1153 4359 Palaeph.
1169 4303 1219 4359 pg.
1237 4271 1313 4346 271.
1325 4285 1370 4358 3),

223 4385 389 4446 abhorrens
411 4386 481 4444 alibi
504 4405 566 4444 non
588 4384 712 4460 reperiri
738 4385 863 4444 videtur.
