2914 4980
741 302 899 363 ...24-

243 481 391 544 tissimum
406 487 569 546 codicibus
593 498 741 562 cognatus
764 490 811 565 sit,
833 491 876 546 ita
896 497 929 545 ut
944 502 1100 565 appareat,
1125 489 1247 564 quinam
1264 489 1383 548 codices

243 605 297 662 pro
320 590 434 646 amissa
456 587 581 646 Parisini
601 600 688 666 parte
710 589 852 647 substitui
874 591 1001 665 possint.
1062 591 1107 647 Ex
1138 590 1310 648 fabularum
1331 609 1383 647 nu·

242 707 327 746 mero
351 689 439 747 PDM
462 693 553 751 codd.
581 699 731 765 cognatos
758 709 828 748 esse
854 693 914 748 iam
937 691 1075 762 vidimus
1101 693 1133 748 id
1156 694 1239 766 quod
1262 693 1383 767 singulis

241 791 315 847 locis
344 791 462 848 collatis
494 793 589 866 magis
616 793 707 850 etiam
738 794 905 868 apparebit.
964 793 1000 850 In
1028 793 1074 850 his
1103 794 1198 850 tribus
1228 795 1383 850 codicibus

241 892 453 950 examinandis
476 903 625 970 apparatu
647 895 749 951 critico
773 893 868 951 multo
890 895 1026 970 pleniore
1043 896 1086 950 uti
1101 912 1271 969 possumus,
1295 912 1383 968 quam

160 1055 162 1060 y
243 994 274 1050 in
297 995 422 1072 ceteris,
446 1014 517 1052 nam
534 995 747 1052 Westermann
768 997 834 1070 ipse
850 995 1056 1054 Dresdensem
1080 1003 1223 1052 accurate
1248 996 1383 1066 contulit,

244 1093 441 1170 Mosquensis
465 1096 611 1152 lectiones
623 1096 748 1154 Fischer
769 1097 879 1170 publici
899 1097 971 1154 iurIs
995 1097 1074 1156 fecit.
1120 1095 1290 1154 Parisinum
1307 1113 1384 1170 vero,

241 1195 325 1252 cuius
361 1197 460 1254 varias
496 1197 644 1254 lecti0nes
667 1197 804 1254 Frbhuer
834 1197 928 1255 tribus
957 1207 1138 1272 quattuorve
1169 1205 1287 1254 tantum
1312 1197 1385 1252 locis

242 1297 351 1373 attulit,
382 1315 450 1354 cum
473 1299 537 1372 ipse
560 1298 699 1355 conferre
723 1315 786 1354 non
810 1315 945 1373 possem,
984 1317 1110 1374 operam
1133 1299 1215 1366 dedi,
1239 1306 1272 1354 ut
1295 1298 1385 1354 colla·

243 1399 358 1453 ti0nem
387 1399 451 1454 eius
481 1398 596 1455 codicis
618 1397 690 1454 milri
713 1417 916 1473 procurarem,
953 1417 1043 1475 quam
1066 1400 1217 1456 Henricus
1239 1397 1385 1472 Lebegue

242 1498 346 1556 litterIs
380 1509 504 1574 rogatus
534 1517 653 1556 summa
676 1517 745 1556 cum
767 1501 957 1574 benignitate
980 1518 1159 1576 summaque
1176 1518 1245 1557 cum
1263 1518 1334 1558 cura
1355 1501 1385 1556 in

241 1617 329 1656 usum
351 1618 453 1658 meum
478 1601 618 1660 confecit.

342 1699 370 1756 D
395 1709 427 1758 et
450 1699 483 1758 M
506 1702 628 1758 codices
658 1719 750 1776 quam
775 1713 841 1759 arte
863 1703 943 1759 inter
965 1721 998 1758 se
1021 1702 1218 1770 cohaereant,
1255 1701 1386 1760 Wester-

244 1803 348 1860 manni
371 1811 520 1877 apparatu
543 1803 642 1858 obiter
664 1805 802 1878 iuspecto
826 1805 988 1880 unicquue
1010 1805 1204 1862 manifestum
1227 1805 1291 1880 erit,
1318 1823 1387 1862 cum

244 1903 404 1978 perpaucis
424 1904 497 1960 locis
521 1905 668 1978 exceptis,
692 1922 772 1980 quae
791 1905 820 1961 D
843 1905 981 1979 praebet,
1003 1907 1152 1981 praebeat
1174 1906 1217 1974 M,
1249 1923 1330 1982 quae
1355 1907 1386 1962 in

244 2003 273 2060 D
291 2005 404 2060 omissa
426 2013 506 2074 sunt,
529 2006 632 2061 desint
653 2006 684 2061 ln
708 2005 751 2078 M,
781 2023 817 2063 ac
839 2008 1015 2080 praesertIm
1037 2025 1106 2064 cum
1129 2007 1297 2080 permultae
1321 2025 1386 2063 cor·

243 2106 380 2180 ruptelae
404 2122 467 2162 non
489 2106 547 2162 nisi
573 2107 605 2162 in
628 2107 677 2163 his
705 2109 863 2164 codicibus
886 2109 1006 2166 duobus
1029 2110 1227 2182 reperiantur,
1250 2109 1282 2164 id
1304 2110 1388 2184 quod

246 2207 393 2280 exemplis
424 2207 561 2264 illustrari
588 2225 664 2282 opus
696 2225 757 2264 non
786 2215 840 2267 est.
898 2208 986 2280 Quae
1016 2227 1084 2267 cum
1111 2210 1153 2266 ita
1184 2227 1217 2266 se
1239 2209 1386 2277 habeant,

246 2316 300 2366 aut
321 2326 358 2364 ex
381 2310 493 2365 eodem
516 2310 679 2382 exemplari
699 2311 871 2384 descriptos
895 2328 964 2366 esse
981 2310 1045 2366 DM
1067 2311 1159 2367 codd.
1182 2317 1236 2367 aut
1258 2310 1387 2366 alterum

155 2441 162 2454 ·
245 2427 282 2466 ex
305 2408 401 2466 altero
428 2409 549 2466 fluxisse
585 2427 713 2466 necesse
750 2421 804 2468 est.
833 2410 1046 2468 Westermann
1073 2407 1180 2486 (praef.
1203 2429 1253 2486 pg.
1277 2407 1385 2485 XIV.),

244 2529 313 2568 cum
341 2509 525 2568 Dresdensis
547 2509 629 2568 XIII.
651 2512 750 2584 saecl,
773 2509 968 2585 Mosquensis
991 2511 1076 2572 XIV.
1104 2511 1195 2569 saecl.
1226 2511 1273 2584 sit,
1301 2511 1386 2568 Mos-

246 2629 392 2685 quensem
415 2611 601 2668 Dresdensis
624 2611 833 2686 apographum
856 2629 924 2670 esse
949 2613 1065 2672 statuit.

343 2713 547 2770 Transeamus
570 2713 610 2768 ad
634 2714 704 2770 cod.
727 2713 895 2770 Parisinum
918 2714 989 2791 854,
1012 2715 1063 2788 qui
1085 2715 1152 2788 ipse
1172 2731 1295 2788 quoque
1318 2731 1386 2771 sae-

245 2815 314 2870 culo
336 2814 420 2873 XIII.
444 2815 572 2889 scriptus
596 2823 651 2871 est.
686 2813 786 2886 Quem
809 2817 834 2871 si
857 2833 925 2872 cum
947 2817 1056 2873 ceteris
1080 2816 1237 2872 codicibus
1260 2833 1385 2872 accura-

244 2916 303 2972 tius
319 2917 398 2972 notis
419 2933 639 2990 comparamus,
663 2915 739 2972 haec
761 2915 821 2973 fere
845 2919 1074 2990 cognoscimus:
1096 2915 1166 2974 Non
1185 2917 1295 2974 desunt
1318 2918 1386 2984 loci,

244 3017 353 3091 quibus
388 3016 411 3072 P
438 3024 613 3073 contextum
648 3018 742 3074 multo
775 3019 945 3074 breviorem
976 3019 1118 3092 praebet,
1156 3035 1248 3093 quam
1280 3018 1388 3091 reliqui

243 3118 374 3186 codices
397 3119 439 3173 ita
459 3124 562 3174 autem
586 3126 701 3174 utnon
727 3121 767 3175 de
790 3121 939 3194 excerptis
962 3121 1088 3177 consilio
1112 3129 1142 3176 et
1164 3121 1282 3177 ratione
1298 3119 1387 3176 factis

243 3219 378 3291 cogitare
409 3219 566 3293 possimus,
603 3222 658 3276 sed
681 3229 734 3276 aut
755 3221 865 3278 librarii
887 3221 1082 3296 neglegentia
1104 3231 1158 3277 aut
1186 3221 1302 3278 codIcis
1326 3223 1388 3295 pri-

243 3320 328 3376 marii
351 3321 527 3400 corruptelis
555 3322 639 3394 plura
661 3324 776 3379 omissa
798 3332 850 3379 aut
870 3323 990 3398 perdita
1020 3340 1088 3378 esse
1120 3331 1256 3378 statuere
1288 3322 1387 3378 debe-

243 3439 339 3491 amus,
363 3422 442 3477 velut
466 3439 516 3495 pg.
546 3423 606 3479 294
633 3425 704 3480 adn.
728 3423 751 3480 P
774 3423 868 3480 babet
895 3418 1030 3497 γεμίσας
1060 3420 1118 3496 τὴν
1149 3422 1231 3482 ναῦν
1253 3421 1389 3480 πολλῶν

244 3517 387 3594 ἀγαθῶν
417 3517 467 3580 καὶ
496 3519 554 3594 τὴν
582 3519 727 3600 ἑαυγτῆς]
759 3519 869 3585 εἰκόνα
900 3526 1024 3598 χρυσῆν
1053 3519 1157 3599 ὤχετο
1190 3518 1303 3600 ἀπιών,
1336 3525 1390 3579 ubi

244 3623 337 3679 etiam
359 3623 502 3679 brevi0ris
526 3623 630 3680 classis
652 3625 717 3682 libri
740 3625 824 3698 plura
846 3625 1006 3699 exhibent,
1029 3627 1120 3700 paulo
1143 3624 1220 3681 inira
1243 3625 1311 3684 294.
1338 3627 1389 3684 10.

245 3726 279 3781 11
302 3741 357 3798 pro
382 3717 499 3796 Αἰήτου
523 3721 683 3799 θυγατέρα
707 3722 741 3784 Χ.
761 3757 800 3764 -
821 3728 879 3801 τῆς
902 3727 947 3786 κῶ
971 3726 993 3782 P
1016 3727 1106 3783 habet
1136 3720 1297 3798 θυγατέρα
1320 3719 1391 3797 αἰή-

243 3839 301 3883 του
323 3821 381 3896 τὴν
396 3823 458 3891 κῶς
480 3843 530 3899 pg.
556 3827 624 3886 295.
642 3830 659 3886 5
676 3844 751 3902 sqq,
775 3828 826 3884 ubi
849 3846 954 3884 omnes
978 3828 1100 3884 codIces
1122 3827 1289 3884 admodum
1308 3826 1392 3882 inter

244 3944 277 3983 se
300 3926 484 3998 dIscrepant,
508 3927 538 3982 ln
560 3926 583 3982 P
604 3927 680 3985 haec
704 3929 862 4003 leguntur:
886 3925 937 3987 καὶ
958 3923 1063 4002 οὕτως
1085 3924 1248 3988 διετέλουν
1270 3921 1390 3986 ἀντιδι-
1446 3955 1447 3990 l

245 4022 368 4100 δούσης
391 4025 463 4100 μιᾶς
488 4029 525 4100 τῆ
555 4024 649 4103 ἑτέρα
678 4027 735 4090 τὸν
758 4025 946 4105 ὀφθαλμόν;
985 4049 1031 4087 vv.
1055 4032 1158 4088 6-14
1184 4031 1275 4104 plane
1298 4029 1390 4085 omit·
1446 3995 1447 4070 l

243 4137 347 4185 tuntur
368 4129 400 4184 in
421 4128 462 4204 P3
486 4128 563 4186 haec
587 4139 705 4187 tantum
728 4140 869 4189 exstant:
893 4127 933 4204 ἦν
956 4127 986 4190 bi
1011 4127 1063 4189 troi
1086 4126 1180 4204 ἑτέρα
1203 4131 1312 4204 γοργῶ
1335 4145 1391 4188 κα·

244 4227 393 4305 λουμένη.
416 4224 545 4300 ἐγένετο
567 4227 675 4290 τοίνυν
697 4227 846 4292 τοιοῦτόν
868 4247 913 4298 τι;
945 4233 1015 4290 3114.
1039 4233 1067 4288 2.
1091 4234 1108 4289 3
1131 4250 1186 4306 pro
1213 4230 1312 4286 verbis
1337 4226 1393 4288 καὶ

242 4325 403 4405 Ἄκαστος
419 4327 623 4405 -λαμβάνει
646 4332 723 4388 haec
745 4334 934 4407 reperiuntur
958 4333 988 4388 in
1011 4331 1052 4391 P:
1075 4326 1208 4406 ἔμελλον
1231 4328 1266 4390 δὲ
1289 4324 1389 4390 αὗται

250 4430 313 4496 ’ruri
343 4433 401 4494 τοῦ
433 4431 556 4507 πατρὸς
585 4431 834 4507 ἀποκτανθῆναι.
866 4429 980 4508 οἱμὲν
1017 4428 1110 4493 ἄλλοι
1145 4428 1286 4500 έπαθον;
1327 4433 1392 4492 fab.
