2914 4980
718 315 856 368 ...fio-

212 478 391 566 Ἀβυδηνός
415 502 446 548 et
469 490 641 569 Θεόδωρος
665 490 683 554 ὁ
703 489 813 568 Ἰλιεύς
836 494 970 570 nomina,
1004 511 1084 567 quae
1114 511 1265 568 nusquam
1288 495 1358 551 alibi

210 595 393 670 legerentur,
409 595 545 670 itemque
557 596 694 653 Philonis
712 596 872 653 cuiusdam
887 589 1073 670 παράδοξος
1085 590 1213 669 ἱστορία
1230 596 1359 652 fictionis

213 697 332 772 signum
353 714 427 771 prae
454 714 486 754 se
510 697 631 756 ferrent.
676 697 739 754 Sed
760 698 857 754 minus
881 705 971 753 caute
987 696 1179 754 Hercherum
1201 697 1359 755 iudicasse

214 799 352 873 probavit
372 798 484 855 Rohde
513 796 605 870 (Mus.
626 798 726 856 ·Rhen.
750 799 807 858 vol.
830 797 974 857 XXXIV.
998 817 1048 873 pg.
1072 800 1130 858 561
1158 793 1253 871 adn),
1291 817 1362 855 cum

214 900 394 956 ostenderet
410 900 569 958 Philonem
591 901 651 958 hoc
673 901 741 957 loco
763 899 953 956 nominatum
968 917 1031 956 non
1046 917 1115 957 esse
1130 899 1359 968 Heracleotam,

213 1010 247 1058 ut
261 1009 422 1076 putaverat
431 1000 647 1058 Westermann
663 997 878 1076 (paradoxogr.
894 1019 944 1075 pg.
958 997 1127 1075 XXXVI.)‚
1145 1003 1201 1058 sed
1218 1001 1360 1076 Byblium

213 1101 277 1179 (cir.
302 1099 419 1162 Miiller.
440 1101 528 1160 FHG
551 1103 574 1160 1.
599 1121 649 1178 pg.
665 1105 734 1161 564.
758 1101 772 1172 ἓ
796 1097 837 1177 6).
882 1103 948 1160 Iam
971 1119 1042 1158 vero
1065 1120 1135 1159 cum
1160 1103 1202 1158 ad
1223 1101 1361 1160 Philonis

214 1205 312 1280 Byblii
333 1204 482 1261 notissimi
505 1205 658 1279 scriptoris
681 1204 895 1262 auctoritatem
916 1211 1062 1277 provocet
1084 1203 1205 1279 glossae
1240 1212 1361 1271 auctor,

214 1324 247 1363 re
270 1324 341 1364 vera
364 1307 424 1364 tale
447 1306 520 1380 quid
545 1324 563 1362 a
586 1306 713 1364 Philone
747 1305 891 1362 traditum
926 1305 1018 1362 luisse
1049 1322 1179 1362 necesse
1201 1314 1263 1380 est;
1303 1323 1364 1362 nec

217 1425 287 1465 vero
310 1408 407 1481 ipsam
431 1425 493 1465 rem
514 1416 668 1464 narratam
690 1425 791 1464 veram
814 1425 882 1464 esse
905 1408 1032 1464 credere
1055 1407 1214 1464 debemus,

315 1497 471 1566 Theodori
493 1507 610 1564 Iliensis
634 1509 718 1582 apud
741 1508 875 1564 Servium
903 1509 944 1564 ad
967 1507 1042 1565 Aen.
1064 1507 1086 1566 I.
1111 1509 1150 1567 28
1174 1507 1364 1565 mentionem

216 1609 279 1667 fieri
300 1617 381 1667 recte
405 1608 535 1666 sortasse
558 1610 727 1684 suspicatus
750 1617 799 1665 est
822 1608 932 1665 Miiller
953 1605 1055 1677 (FHG
1076 1607 1128 1667 IV.
1151 1627 1200 1683 pg.
1226 1603 1312 1685 513).

317 1712 359 1768 ad
380 1710 436 1769 ΙΙΙ.
460 1706 630 1784 Αἰγύπτιος
653 1705 685 1788 [ἢ
703 1705 912 1788 Ἀθηναῖος-Η
946 1705 1054 1782 ἢἈθ.
1083 1711 1176 1767 verba
1207 1710 1277 1767 ferri
1301 1729 1367 1768 non

193 1801 309 1888 'posse
332 1812 404 1868 inde
429 1812 577 1886 cognosci
599 1812 675 1888 licet,
701 1814 786 1886 quod
813 1811 861 1868 hic
888 1811 1090 1886 Palaephatus
1114 1811 1212 1867 verbis
1235 1806 1255 1871 ἅ
1278 1828 1367 1886 τινες

220 1911 268 1989 εἰς
291 1910 349 1973 τὸν
372 1898 551 1986 Ἀθηναῖον,
574 1910 659 1985 τινὲς
687 1910 722 1972 δὲ
751 1907 796 1986 εἰς
818 1908 876 1972 τὸν
899 1907 1025 1987 Πάριον
1048 1907 1228 1986 ἀνήνεγκαν
1251 1913 1370 1970 diserte

218 2016 413 2090 distinguitur
442 2033 461 2070 a
489 2014 678 2089 Palaephato
711 2013 811 2087 aliquo
835 2013 1021 2072 Atheniensi.
1080 2013 1176 2070 Festa
1204 2007 1268 2088 (pg.
1303 2011 1367 2085 37),

219 2136 291 2175 cum
320 2117 385 2191 ipse
420 2133 543 2190 quoque
574 2115 632 2171 hoc
662 2115 868 2186 intellexisset,
908 2115 1001 2170 verba
1033 2109 1079 2188 εἰς
1112 2109 1170 2174 τὸν
1194 2100 1369 2187 Ἀθηναῖον

221 2215 306 2291 τινὲς
329 2215 363 2276 δὲ
387 2224 422 2274 ιιι
444 2235 671 2292 supervacanea
693 2218 881 2274 removenda
902 2234 970 2273 esse
993 2217 1121 2282 censuit,
1149 2235 1221 2273 nam
1242 2217 1370 2274 Parium

220 2327 252 2376 et
275 2318 495 2375 Atheniensem
516 2319 576 2375 hoc
599 2319 667 2375 loco
690 2319 879 2376 nominatum
901 2319 1035 2375 eundem
1058 2335 1127 2375 esse
1149 2326 1248 2393 putat.

320 2415 608 2497 λύσεις]εκλὶλ)ειιι
632 2422 723 2480 codd.
746 2420 863 2490 Pansa,
886 2421 950 2480 rell.
974 2421 1066 2480 codd.
1089 2417 1171 2494 λίας,
1195 2422 1279 2477 unde
1303 2421 1368 2478 Eu·

222 2521 331 2579 dociae
360 2521 499 2578 falsarius
528 2517 722 2596 ἀλληγορὶας
757 2523 866 2582 effecit.
924 2519 1045 2598 λύσεις,
1075 2539 1166 2596 quam
1199 2521 1369 2580 lectionem

221 2631 293 2698 post
307 2622 475 2678 Kusterum
497 2641 603 2679 omnes
626 2623 761 2680 editores
784 2631 975 2698 receperunt,
998 2641 1036 2679 eo
1053 2621 1257 2690 confirmatur,
1282 2625 1370 2698 quod

221 2723 319 2790 The0,
344 2741 413 2779 cum
435 2723 476 2778 de
498 2723 574 2780 libro
597 2723 804 2798 Palaephateo
826 2725 966 2798 loquatur
989 2719 1127 2783 ἐπιλύειν
1156 2724 1248 2780 verbo
1276 2725 1371 2804 utitur

222 2825 263 2880 ad
289 2825 354 2880 libri
387 2832 525 2880 naturam
559 2824 785 2899 significandam
822 2821 869 2899 (ἐν
892 2821 918 2904 ᾧ
941 2821 980 2884 τὰ
1013 2823 1146 2884 τοιαῦτα
1180 2819 1368 2898 ἐπιλύεται).

224 2924 294 2996 Quo
310 2925 447 2982 Theonis
469 2926 538 2982 loco
561 2926 672 2983 collato
696 2926 755 2984 hoc
771 2944 894 3002 quoque
917 2927 1048 2984 dubitari
1070 2945 1133 2982 non
1148 2927 1271 2999 poterit,
1296 2927 1371 3002 quin

224 3023 333 3099 λύσεις
356 3025 421 3085 τῶν
438 3025 576 3101 μυθικῶς
599 3021 774 3101 εἰρημένων
796 3028 993 3103 inscriptione
1006 3027 1185 3102 Palaephati
1200 3027 1276 3082 liber
1297 3024 1372 3101 περὶ

224 3122 368 3186 ἀπίστων
390 3127 551 3202 inscriptus
574 3128 767 3200 significetur.
827 3127 873 3184 Ne
897 3127 1035 3202 μυθικῶν
1059 3125 1178 3204 βιβλίον
1200 3125 1233 3186 α’
1244 3129 1372 3202 quidem

225 3228 308 3284 aliud
332 3245 409 3302 opus
432 3245 502 3284 esse
522 3229 650 3296 videtur,
681 3247 718 3285 ac
740 3229 986 3286 verisimillimum
1015 3238 1063 3286 est
1086 3227 1225 3303 μυθικῶν
1248 3225 1373 3304 βιβλίον

224 3326 260 3387 α’
281 3329 509 3404 inscriptionem
539 3330 633 3386 altera
662 3326 773 3403 λύσεις
788 3332 854 3390 τῶν
870 3329 1009 3406 μυθικῶς
1025 3325 1202 3405 εἰρημένων
1217 3329 1372 3389 illustrari.

326 3558 382 3615 His
412 3559 586 3634 praemissis
616 3560 745 3634 primum
776 3558 980 3616 Gutschmidii
1009 3567 1040 3615 et
1070 3559 1182 3616 Festae
1211 3558 1374 3632 opiniones

225 3659 356 3716 refutare
377 3661 521 3728 conabor,
557 3667 621 3716 tum
645 3661 719 3734 quid
746 3660 812 3734 ipse
835 3662 876 3717 de
899 3660 1013 3718 Suidae
1035 3661 1143 3735 glossis
1165 3659 1374 3730 iudicandum,

224 3761 388 3836 praecipue
414 3762 533 3819 cuinam
563 3779 601 3816 ex
629 3761 820 3836 Palaephatis
851 3761 907 3818 illis
938 3771 1087 3819 servatum
1110 3761 1292 3835 opusculum
1321 3762 1373 3817 tri-

227 3863 384 3920 buendum
409 3881 561 3931 censeam,
596 3865 787 3937 expositurus
819 3881 895 3922 sum.
948 3862 1153 3920 Gutschmidii
1188 3863 1375 3919 coniecturis

228 3966 313 4020 nisus
328 3963 422 4020 Festa
444 3965 476 4020 id
497 3982 624 4037 operam
647 3965 742 4040 dedit,
764 3973 798 4021 ut
819 3965 947 4039 plurima
970 3983 1006 4023 ex
1029 3965 1081 4036 eis
1107 3981 1186 4039 quae
1209 3963 1264 4022 sub
1282 3965 1375 4020 trium

227 4066 346 4122 illorum
367 4065 625 4140 Palaephatorum
647 4067 819 4122 nominihus
843 4066 1015 4134 afferuntur,
1044 4067 1085 4124 ad
1107 4082 1201 4122 unum
1224 4064 1376 4120 eundem-

229 4185 290 4242 que
307 4165 528 4240 Palaephatum
543 4166 704 4224 referenda
720 4186 789 4224 esse
804 4170 1038 4226 demonstraret.
1070 4166 1171 4238 Quam
1188 4164 1376 4222 sententiam

226 4277 260 4324 ut
297 4266 434 4324 refellere
466 4268 590 4344 possim,
626 4269 744 4344 singula
776 4275 957 4342 argumenta
986 4285 1004 4322 a
1032 4265 1247 4324 Gutschmidio
1276 4263 1375 4339 (apud

228 4367 330 4426 Flach.
353 4369 371 4427 l.
395 4365 433 4444 c.)
457 4369 575 4442 prolata
598 4371 805 4428 examinanda
827 4367 900 4426 mihi
924 4378 1003 4428 sunt.
