2914 4980
742 309 887 365 ..44-

243 488 372 564 Augusti
405 489 453 546 vel
475 487 591 548 Tiberii
626 488 721 546 aetati
756 488 935 546 tribuendus
969 505 1037 546 esse
1067 483 1199 566 videtur)
1222 487 1289 548 Vll.
1316 491 1330 546 1
1356 496 1381 545 et

243 591 327 666 apud
350 588 520 648 Cornutum
553 591 594 646 de
625 598 689 648 nat.
714 591 799 650 deor.
823 607 849 648 c.
875 591 923 647 34.
977 589 1044 646 Alia
1072 591 1276 646 recentiorum
1300 589 1382 664 scrip·

242 700 342 750 torum
364 691 504 764 exempla
526 691 654 748 collecta
677 699 748 748 sunt
770 690 801 747 in
823 689 969 765 Stephani
993 691 1145 748 thesauro.

341 785 496 865 πυριάω
518 792 550 848 in
572 791 630 852 fab.
646 791 755 851 XLIV.
771 789 861 867 (quae
884 792 915 848 in
938 793 1006 849 cod.
1030 790 1192 866 Pprorsus
1216 791 1276 849 alia
1298 801 1383 867 atque

242 895 273 950 in
294 899 364 952 cett.
398 891 496 950 forma
518 901 628 965 exstat,
659 891 710 950 cir.
732 911 783 968 pg.
808 887 862 968 25)
897 894 1018 968 saepius
1039 893 1164 967 legitur:
1202 911 1254 967 pg.
1278 894 1382 951 306.8

242 989 355 1068 ἐπυρία
379 991 420 1066 (R
432 985 609 1072 empturo:
633 997 650 1053 9
673 993 823 1068 πυριῶσα
845 988 923 1070 (DM
938 988 1099 1068 πυρῶσα);
1134 996 1168 1052 11
1195 989 1383 1068 πυριώμενοι

245 1099 292 1155 14.
315 1091 531 1174 πυριώμενος;
568 1091 612 1170 [in
635 1094 658 1151 P
679 1114 742 1152 non
769 1095 825 1170 nisi
854 1114 879 1153 v,
906 1095 944 1153 14
967 1090 1191 1170 πυρριώμενος
1219 1087 1382 1174 reperitur].

243 1197 437 1255 Medicorum
472 1205 519 1252 est
554 1196 688 1262 verbum,
721 1197 806 1272 quod
839 1196 987 1270 reperitur
1014 1196 1099 1269 apud
1121 1193 1336 1252 Dioscoridem
1356 1212 1383 1253 π.

243 1296 323 1374 ὕλης
345 1293 426 1374 ἰατρ.
450 1293 503 1357 lV.
519 1299 578 1356 154
600 1291 709 1374 (Kiihn
731 1298 787 1357 vol.
810 1295 907 1355 XXV.
933 1315 983 1372 pg.
999 1291 1082 1372 643).

343 1395 582 1473 συναπαίρω
604 1395 667 1473 (pg.
685 1399 754 1458 277.
771 1393 822 1470 14)
837 1397 965 1471 primum
988 1397 1157 1454 adhibitum
1181 1413 1248 1456 esse
1270 1397 1385 1453 videtur

141 1549 145 1557 .
245 1503 284 1560 ab
307 1499 473 1558 Aristotele
488 1516 520 1558 π.
542 1494 583 1558 τὰ
592 1497 657 1560 ζῶα
679 1493 740 1558 ἱστ.
764 1489 909 1574 5971’165
933 1507 998 1554 tum
1020 1517 1039 1556 a
1063 1498 1201 1556 Diodoro
1224 1498 1260 1558 V.
1284 1499 1333 1557 49.
1356 1500 1384 1569 2;

244 1605 293 1661 59.
318 1603 351 1670 2;
390 1599 512 1658 Lucian.
535 1599 582 1657 bis
605 1616 707 1660 accus,
731 1602 770 1658 27
795 1594 836 1678 (2.
862 1594 951 1674 825);
981 1599 1058 1660 Tox.
1085 1599 1122 1658 18
1146 1597 1188 1672 (2.
1213 1593 1290 1674 526)
1313 1599 1386 1656 aliis-

244 1720 305 1778 que
327 1703 412 1760 lociS.

344 1795 626 1875 ὑποτάσσομαι
665 1801 747 1875 apud
771 1800 992 1876 Palaephatum
1025 1801 1175 1877 significat
1202 1819 1330 1878 „parere
1356 1811 1384 1858 ut
1436 1805 1437 1814 ’

244 1903 425 1972 subiectum,
449 1901 667 1960 oboedientem
690 1902 736 1959 vel
760 1902 991 1960 subordinatum
1013 1897 1104 1960 esse“
1127 1921 1177 1978 pg.
1204 1905 1273 1964 301.
1298 1906 1337 1964 10
1358 1904 1384 1958 in

245 2004 303 2066 OR
326 2000 542 2065 ὑπετάττοντο
566 2001 602 2080 (P
624 1999 816 2078 ὑπήκουον);
848 2023 873 2062 v.
898 2006 934 2062 11
959 1999 1175 2079 ὑποτετάχθαι
1197 2004 1228 2062 in
1249 2006 1385 2062 omnibus

244 2107 335 2167 codd.
360 2101 423 2186 [pg.
451 2108 521 2167 272.
548 2108 584 2164 ll
608 2107 639 2162 in
665 2105 860 2180 amplioribus
882 2105 973 2166 codd.
998 2114 1101 2164 exstat
1122 2101 1285 2182 ὑττήκοαε].

343 2208 413 2265 Hoc
435 2225 528 2265 sensu
549 2201 776 2281 ὑποτάσσομαι
798 2215 870 2264 ante
891 2205 1052 2282 Polybium
1078 2225 1141 2265 non
1163 2207 1285 2266 videtur
1305 2227 1385 2266 usur·

243 2311 324 2386 pari;
348 2329 420 2368 nam
442 2311 525 2384 quod
549 2310 674 2368 Aristot.
699 2309 754 2382 frg.
784 2311 842 2368 392
865 2304 1045 2387 (1543213)
1067 2309 1195 2384 legimus
1219 2305 1386 2384 φύλαρχος

247 2407 508 2486 ὑποτεταγμένας
535 2413 580 2491 τῷ
601 2405 759 2490 ἱππάρχαι,
787 2411 843 2486 ipsi
866 2412 1022 2470 Aristoteli
1044 2406 1305 2486 ὑποτεταγμένας
1331 2409 1385 2467 for-

244 2532 325 2570 mam
348 2512 479 2570 tribuere
502 2513 550 2568 vix
571 2529 744 2587 possumne
776 2513 956 2586 praesertim
985 2532 1053 2572 cum
1080 2512 1162 2569 nullo
1192 2511 1251 2568 alio
1275 2511 1387 2568 Aristo·

243 2615 312 2672 telis
335 2614 404 2671 loco
426 2612 552 2670 verbum
574 2613 647 2669 illud
669 2612 727 2669 hac
748 2615 903 2672 sententia
924 2615 1113 2674 adhibeatur.
1151 2608 1200 2687 (ln
1212 2607 1387 2686 Ἀθηναίων

244 2711 388 2776 πολιτεία
410 2715 581 2790 nuperrime
605 2723 726 2789 reperta
749 2715 834 2773 locus
857 2733 920 2773 non
943 2712 1068 2793 exstat).
1113 2711 1207 2785 Quod
1223 2715 1309 2788 apud
1324 2714 1388 2771 Plu·

243 2816 338 2877 tarch.
364 2815 439 2873 Vitt.
456 2817 516 2876 526
534 2816 561 2872 A
575 2815 606 2872 in
623 2814 781 2890 Phrynichi
801 2833 889 2874 versu
912 2813 1085 2893 ὑποταγείς
1102 2817 1231 2874 formam
1255 2816 1388 2891 legimus,
1438 2875 1439 2888 ¹

245 2936 337 2994 quam
366 2917 511 2974 Meineke
540 2917 758 2992 interpretatur
793 2917 936 2993 „timidus
960 2928 992 2976 et
1018 2920 1153 2977 demisso
1178 2912 1311 2987 anim0“,
1351 2933 1388 2973 ne

245 3037 282 3076 ex
305 3019 363 3077 hoc
386 3020 511 3094 quidem
532 3019 600 3076 loco
623 3021 663 3076 de
685 3017 844 3093 Phrynichi
867 3020 975 3078 comici
998 3022 1045 3078 vel
1068 3021 1193 3078 omnino
1218 3019 1258 3077 de
1274 3019 1389 3077 Attico·

245 3139 311 3178 rum
333 3137 391 3177 usu
414 3120 581 3196 quidquam
604 3120 790 3178 concludere
813 3113 924 3198 licet¹).

343 3221 433 3294 Quae
456 3221 587 3278 comita
609 3221 670 3278 sint
692 3238 730 3276 ea
752 3222 892 3298 exempla
914 3223 980 3280 sola
1001 3230 1125 3296 restent,
1149 3240 1230 3299 quae
1252 3241 1271 3278 a
1302 3219 1388 3296 Poly·

244 3325 296 3382 bio
318 3323 477 3398 incipiunt,
500 3330 534 3378 ut
555 3320 612 3380 III.
639 3324 686 3382 13.
700 3323 736 3392 83
758 3323 797 3383 X
822 3327 869 3383 19.
895 3326 930 3398 7;
954 3327 1003 3384 24.
1027 3326 1061 3392 3;
1085 3325 1198 3382 eodem
1222 3341 1315 3382 sensu
1337 3323 1388 3380 ad-

243 3425 372 3482 hibitum
389 3423 555 3499 reperimus
578 3424 662 3498 apud
677 3423 849 3482 Diodorum
874 3425 899 3485 I.
923 3427 972 3485 55.
999 3427 1054 3495 10;
1077 3423 1132 3484 370.
1155 3427 1189 3499 5;
1228 3423 1282 3486 Ill.
1306 3427 1333 3483 5.
1357 3425 1388 3490 23

243 3525 295 3588 IV.
319 3526 414 3601 68.2;
437 3523 507 3584 Hal.
531 3524 612 3584 Antt.
635 3525 677 3585 ΙΙ.
703 3527 750 3586 13.
776 3529 810 3600 3;
835 3527 880 3586 14.
904 3529 940 3601 4;
964 3527 996 3584 in
1018 3543 1099 3584 novo
1123 3526 1210 3586 Test.
1234 3527 1313 3586 Petr.
1338 3543 1385 3599 ep.

243 3627 266 3686 l.
291 3627 319 3686 3.
345 3630 378 3696 13
399 3627 440 3684 ad
463 3625 524 3684 Tit.
548 3625 588 3686 II.
612 3630 643 3696 93
676 3625 730 3686 ΙΙΙ.
756 3630 789 3695 1;
819 3627 969 3688 Plutarch.
999 3627 1077 3687 Mor.
1109 3628 1168 3687 213
1192 3625 1230 3699 C;
1270 3629 1330 3686 737
1354 3624 1387 3682 E.

244 3727 377 3804 Epictet.
403 3727 477 3784 diss.
500 3725 552 3787 IV.
576 3727 604 3787 4.
628 3728 675 3786 33.

352 4010 377 4080 1)
396 4014 479 4064 Kock
509 4013 589 4076 (FCG
607 4015 628 4066 1.
652 4031 695 4080 pg.
712 4012 765 4067 395
793 4015 826 4064 ad
855 4016 904 4078 frg.
924 4013 971 4080 59)
999 4015 1134 4066 Meinekio
1164 4025 1236 4066 recte
1265 4009 1409 4084 opposuit‘

243 4117 329 4169 neque
358 4119 413 4152 eam
443 4104 533 4154 aurisii
562 4105 670 4156 formem
701 4119 788 4170 neque
817 4104 1035 4166 significationem
1053 4105 1149 4157 Atticis
1177 4107 1299 4156 usitatam
1326 4119 1388 4154 esse.

243 4191 323 4242 Solus
350 4191 433 4258 locus,
465 4209 516 4258 qno
548 4198 684 4258 praeterea
712 4197 796 4242 exstat
825 4191 919 4256 ταγείς
949 4193 1031 4243 forma
1059 4191 1159 4259 (Eurip.
1188 4195 1218 4245 fr.
1247 4193 1300 4247 989
1328 4187 1386 4256 N⁹)‚

243 4280 367 4330 Nauekio
386 4282 451 4331 adeo
478 4287 616 4346 suspectus
635 4297 694 4335 esse
712 4281 859 4342 videbatur,
888 4288 918 4332 ut
945 4282 974 4332 in
1001 4282 1080 4332 altere
1099 4282 1215 4334 editione
1233 4283 1279 4336 ἐπὶ
1295 4281 1388 4345 τούτῳ

243 4366 337 4432 ταγείς
356 4371 435 4418 verba
454 4371 578 4434 Euripidi
597 4370 677 4418 tribui
695 4385 775 4435 posse
794 4371 936 4434 negaverit.
