2914 4980
719 281 877 338 ..36...

222 461 297 522 simo
325 461 449 536 legitur3
486 479 581 520 unum
609 463 712 520 locum
736 461 949 520 Plutarcheum
978 461 1086 519 afferre
1123 477 1251 536 possum
1295 457 1375 517 Vitt.

223 567 261 624 36
285 565 319 622 B.

321 659 442 725 ἓδνον
479 659 542 741 (pg.
566 665 636 724 293.
659 666 688 724 8.
713 665 761 740 10,
800 659 879 724 ἕδνα
901 665 1015 720 eodem
1038 681 1131 722 sensu
1158 663 1226 722 294.
1252 659 1304 742 11)
1340 665 1374 720 in

223 783 364 824 sermone
386 765 523 839 pedestri
544 764 674 840 primum
695 765 862 839 reperimus
886 766 970 839 apud
993 763 1166 822 Diodorum
1188 764 1242 826 IV.
1267 768 1318 824 69.
1336 768 1374 839 3;

222 875 380 942 praeterea
402 867 486 941 apud
509 864 693 922 Pausaniam
716 865 768 924 III.
794 867 841 924 12.
864 867 899 936 2;
921 865 975 934 IV,
996 867 1044 925 36.
1066 869 1096 924 3.

323 963 470 1040 ἑμπολή
505 967 612 1042 legitur
634 984 685 1041 pg.
709 967 779 1031 307.
806 969 854 1024 13.
879 965 926 1034 14,
956 983 1015 1040 quo
1041 967 1108 1024 loco
1132 968 1238 1024 mercis
1260 967 1375 1024 usitata

223 1065 402 1143 significatio
425 1074 497 1142 apta
516 1083 579 1123 non
599 1075 660 1134 est;
683 1075 900 1142 exspectamus
927 1066 1027 1142 signIf.
1053 1068 1186 1140 „lucrum
1201 1087 1219 1126 e
1234 1069 1374 1142 negotia-

223 1169 307 1224 tione
329 1176 458 1242 partum,
480 1165 639 1242 pecunia“,
663 1185 724 1242 quo
747 1185 804 1224 usu
827 1163 952 1240 ἑμπολή
982 1185 1089 1225 vocem
1112 1187 1131 1226 a
1152 1158 1374 1244 posterioribus

225 1269 420 1344 scriptoribus
450 1267 617 1326 adhibitam
640 1286 708 1326 esse
740 1277 872 1326 testatur
900 1269 1016 1326 Moeris
1054 1267 1117 1345 (pg.
1143 1269 1210 1330 143.
1235 1270 1374 1330 Pierson.

224 1371 274 1432 ed.
302 1369 393 1427 Koch
423 1369 505 1444 Lips
532 1364 633 1445 1830).
691 1369 906 1445 Aristophanis
937 1387 1060 1445 quoque
1089 1371 1157 1428 loco
1185 1391 1204 1428 a
1231 1371 1375 1428 Moeride

224 1471 317 1528 citato
352 1472 553 1546 posteriorem
593 1471 849 1545 significationem
884 1471 986 1528 inesse
1018 1473 1178 1528 contendit
1215 1473 1308 1529 schol.
1333 1474 1374 1530 ad

225 1571 353 1631 Acham.
386 1591 412 1630 v.
437 1573 511 1631 9:36:
546 1567 705 1646 ἐμπολήν·
728 1567 765 1630 τὸ
800 1565 864 1630 ἀπὸ
902 1573 963 1646 τῆς
998 1569 1215 1648 πραγματείας
1249 1571 1375 1648 κέρδος.

224 1673 345 1730 Eodem
378 1681 470 1748 atque
493 1672 698 1748 Palaephatus
737 1689 830 1729 sensu
858 1691 965 1730 vocem
988 1673 1125 1730 adhibuit
1147 1674 1328 1732 Artemidor.
1354 1674 1375 1732 1.

229 1775 283 1842 78;
307 1773 367 1830 Dio
391 1773 496 1849 Chrys.
521 1772 573 1832 Or.
599 1777 653 1847 753
676 1775 807 1830 conferri
828 1781 934 1848 potest
950 1774 1009 1832 Dio
1034 1771 1157 1832 Cassius
1181 1777 1228 1834 79.
1257 1776 1305 1834 13.

324 1869 447 1948 ἱκέτις
468 1873 531 1950 (pg.
555 1876 625 1933 304.
649 1870 680 1947 9)
703 1875 818 1949 poetici
841 1876 989 1932 sermonis
1013 1883 1061 1932 est
1083 1875 1207 1932 verbum
1230 1893 1248 1932 a
1270 1883 1375 1950 poste·

228 1975 315 2032 rioris
338 1975 446 2032 aetatis
479 1975 672 2050 scriptoribus
709 1976 855 2050 prosaicis
879 1976 963 2032 haud
997 1994 1064 2032 raro
1086 1985 1272 2051 usurpatum,
1295 1977 1378 2032 velut

228 2075 278 2134 Ps.
302 2076 392 2135 Arist.
416 2093 524 2136 oecon.
550 2077 722 2151 13442113
760 2077 878 2150 Dionys
900 2076 970 2137 Hal.
994 2076 1078 2136 Antt.
1103 2076 1155 2136 IV.
1181 2079 1229 2136 62.
1253 2080 1286 2151 23
1310 2077 1378 2134 Plu-

229 2177 323 2237 tarch.
347 2177 419 2236 Vitt.
444 2179 503 2237 802
521 2177 566 2246 D;
589 2181 647 2238 841
666 2179 700 2238 Ε.

329 2277 426 2352 μῆλα
449 2280 582 2336 eodem
605 2296 720 2337 sensu
741 2296 783 2336 ac
805 2274 986 2354 πρόβατα
1009 2286 1168 2354 usurpatur
1187 2279 1376 2354 pg.284.11

232 2383 280 2449 16,
303 2397 363 2456 qua
396 2379 615 2453 significatione
638 2381 782 2455 imprimis
805 2379 969 2437 adhibetur
999 2381 1038 2438 ab
1060 2379 1196 2436 Homero
1220 2387 1250 2436 et
1272 2379 1379 2436 Theo-

230 2482 312 2540 crito.
358 2481 403 2538 Ex
440 2497 550 2554 prosae
586 2481 782 2556 scriptoribus
818 2480 930 2556 primus
966 2481 1009 2538 sic
1044 2480 1221 2538 adhibuisse
1258 2481 1380 2537 videtur

230 2583 385 2640 Diodorus
407 2581 458 2640 IV.
482 2583 570 2640 262
602 2577 700 2657 (Plato
735 2583 812 2656 Rep.
843 2581 883 2642 ΙΙ.
907 2583 967 2642 363
990 2581 1024 2641 C.
1050 2581 1250 2638 Homericum
1276 2581 1379 2638 locum

230 2683 352 2758 affert);
374 2683 447 2738 item
470 2681 517 2739 Ps.
534 2682 658 2743 Lucian.
682 2683 792 2742 Astrol.
817 2685 866 2743 24.
891 2679 933 2758 (2.
950 2675 1033 2760 371).

330 2779 520 2858 ξύλοχος,
544 2801 624 2858 quae
645 2801 704 2842 vox
726 2785 835 2858 legitur
856 2803 907 2860 pg.
921 2785 990 2843 282.
1008 2785 1036 2856 6,
1049 2801 1113 2840 non
1133 2783 1193 2839 nisi
1214 2783 1299 2856 apud
1312 2781 1377 2838 Ho-

231 2903 357 2963 merum,
382 2884 577 2958 Apollonium
601 2885 756 2942 Rhodiam
778 2886 916 2960 aliosque
937 2893 1047 2960 poetas
1070 2884 1227 2960 reperitur.

336 2981 581 3059 πολεμιστής
618 2979 681 3060 (pg.
713 2983 859 3059 27612)
895 3003 953 3042 vox
992 2985 1031 3042 ab
1060 2985 1208 3061 Homero,
1245 2983 1380 3040 Pindaro

233 3087 397 3146 Theocrito
420 3093 565 3159 usurpata
601 3087 632 3142 in
666 3104 807 3143 sermone
834 3067 969 3160 pedestri
997 3085 1126 3162 primum
1148 3085 1286 3142 adhibita
1308 3102 1379 3141 esse

233 3191 353 3248 videtur
373 3189 404 3244 in
425 3187 506 3244 libris
529 3187 679 3257 Maccab.,
714 3189 797 3244 velut
818 3187 839 3248 I.
867 3191 914 3248 13.
940 3191 996 3258 103
1033 3189 1145 3248 15.13
1173 3184 1239 3262 (cfr.
1264 3189 1311 3246 16.
1335 3183 1382 3262 4),

233 3300 298 3346 tum
320 3289 488 3347 aDiodoro
503 3287 541 3348 II.
564 3291 614 3348 41.
632 3291 667 3360 23
689 3289 743 3350 III.
768 3291 815 3350 36.
845 3292 863 3348 3
872 3307 879 3356 ;
902 3289 987 3348 XIX.
1012 3291 1061 3348 20.
1078 3291 1106 3348 2.
1131 3287 1208 3346 Cum
1223 3305 1295 3346 vero
1310 3288 1382 3346 libb.

234 3390 374 3449 Maccab.
399 3399 479 3449 auct.
505 3400 535 3446 et
551 3389 707 3448 Diodorus
729 3387 925 3464 πολεμιστής
959 3407 1065 3446 vocem
1089 3407 1210 3464 semper
1231 3387 1384 3446 adiective

234 3491 410 3548 adhibuisse
432 3493 603 3566 videantur,
626 3491 738 3549 Strabo
760 3493 952 3550 substantive
974 3500 1116 3566 usurpat:
1137 3489 1206 3548 XV.
1232 3495 1258 3550 1.
1276 3493 1316 3549 47
1332 3509 1383 3566 pg.

235 3595 311 3662 7073
333 3593 406 3648 item
427 3592 607 3650 Plutarchus
629 3591 704 3653 Vitt.
729 3595 789 3651 360
810 3593 858 3668 1);
890 3596 948 3652 714
972 3593 1008 3651 Ε.
1030 3591 1107 3652 Mor.
1133 3593 1192 3650 217
1216 3590 1257 3666 C;
1288 3591 1385 3658 πολε·

234 3690 348 3768 μιστὴς
372 3687 452 3768 ἀνήρ
476 3693 588 3768 legitur
611 3693 685 3754 Vitt.
710 3695 766 3752 241
793 3693 827 3752 F.
850 3695 913 3753 470
935 3693 974 3750 D.
1001 3696 1058 3753 787
1083 3693 1118 3752 E.
1143 3693 1201 3750 822
1225 3692 1261 3752 Α.
1283 3686 1385 3765 ἵππος

233 3813 265 3854 π.
288 3792 362 3854 Vitt.
387 3794 444 3852 185
466 3795 498 3854 F.
522 3795 582 3854 303
606 3795 648 3870 D;
689 3795 741 3856 cfr.
776 3796 869 3852 etiam
894 3795 1018 3856 Lucian.
1052 3793 1131 3855 Dial.
1166 3795 1250 3852 deor.
1273 3795 1323 3854 20.
1348 3796 1386 3851 12

234 3895 276 3971 (1.
300 3892 389 3970 263);
416 3894 487 3954 Salt.
512 3897 549 3954 21
572 3889 615 3972 (2.
642 3896 729 3970 279);
752 3897 799 3953 bis
822 3894 883 3956 a'cc.
909 3900 945 3955 11
970 3892 1014 3972 (2.
1037 3890 1122 3972 803).

333 3991 536 4070 ὑλοτόμος
576 3994 638 4070 (pg.
663 3999 731 4056 292.
764 3999 796 4074 2)
831 4017 881 4054 am
918 3997 1002 4072 apud
1037 3995 1204 4052 Homerum
1243 3995 1389 4070 reperitur

235 4097 423 4155 substantive
444 4092 486 4170 (Ψ
514 4097 589 4171 123)
614 4105 645 4154 et
667 4100 818 4155 adiective
841 4093 968 4176 (Ψ114)
994 4097 1172 4154 adhibitum.
1216 4096 1263 4152 Ex
1278 4113 1389 4170 prosae

234 4199 432 4273 scriptoribus
455 4199 568 4272 primus
601 4198 779 4256 adhibuisse
801 4199 920 4254 videtur
943 4195 1145 4270 Theophrast.
1174 4195 1241 4254 hist.
1269 4197 1308 4271 pl.
1332 4195 1385 4255 III.

233 4303 261 4360 9.
284 4302 316 4374 33
344 4308 408 4357 tum
431 4299 533 4358 LXX.
557 4299 628 4374 Sap.
651 4299 710 4358 Sal.
741 4301 790 4360 13.
815 4301 873 4373 11,;
910 4297 1038 4356 Diodor.
1066 4296 1149 4358 XIV.
1173 4298 1221 4356 42.
1239 4299 1273 4371 43
1297 4297 1384 4358 XIX.

246 4401 281 4461 ’8.
308 4403 340 4475 2;
364 4401 470 4459 Strabo
493 4400 560 4460 XV.
585 4405 611 4458 1.
635 4403 676 4460 50
695 4418 745 4475 pg.
769 4400 842 4473 708;
865 4399 939 4459 Plut.
965 4399 1041 4460 Vitt.
1071 4399 1129 4456 500
1159 4396 1191 4459 C.
