2914 4980
584 327 724 382 ,47-

82 503 165 561 barie
198 503 240 560 ad
266 503 359 561 vitam
384 502 557 560 hominibus
588 501 712 577 dignam
741 503 908 579 perductos
937 521 1013 562 esse.
1062 502 1131 560 Hoc
1158 503 1225 561 loco

84 603 272 680 interrumpit
294 606 360 661 eius
384 605 556 662 orationem
578 604 638 662 alia
661 605 841 662 comoediae
860 622 993 679 persona
1014 604 1096 662 hisce
1111 606 1224 665 verbis:

281 702 392 780 καινὸς
413 701 474 780 γάρ
497 701 585 766 ἐστιν
609 701 724 775 οὑτοσὶ
745 701 1001 784 ΠαλαίφατοςῙ).

182 808 213 870 Si
235 808 326 882 igitur
350 807 554 884 Palaephatus
581 807 629 866 ille
657 807 740 864 idem
762 816 808 864 est
832 825 871 864 ac
893 807 981 866 libelli
1004 809 1045 866 de
1068 808 1227 867 Incredibi-

84 911 161 966 libus
190 917 309 980 auctor,
348 926 418 966 eum
452 918 523 966 ante
556 908 761 966 Athenionem
796 909 904 966 vixisse
932 910 1138 985 colligendum
1169 919 1226 970 est.

84 1011 152 1084 Quo
175 1027 248 1067 vero
271 1019 409 1086 tempore
432 1010 565 1068 Athenio
588 1010 732 1078 floruerit,
754 1018 897 1068 accurate
921 1010 1049 1068 definire
1071 1030 1133 1068 non
1157 1029 1226 1086 pos·

82 1128 198 1182 sumus;
230 1111 290 1169 hoc
317 1092 435 1168 tantum
464 1129 519 1187 pro
545 1121 628 1169 certe
650 1111 791 1170 affirmari
813 1120 917 1185 potest
940 1127 1009 1168 eum
1031 1119 1102 1168 ante
1122 1111 1227 1169 Iubam

82 1212 293 1271 Mauretaniae
316 1229 418 1286 regem
441 1214 580 1270 velante
604 1213 735 1288 Augusti
759 1220 893 1269 aetatem
916 1207 1068 1284 vixisse2).

182 1313 246 1370 Iam
268 1313 483 1388 inquirendum
506 1322 562 1382 est,
585 1331 656 1370 num
679 1331 786 1370 revera
808 1313 849 1368 ad
865 1313 956 1370 libelli
979 1313 1019 1368 de
1041 1313 1226 1370 incredibili-

82 1417 136 1473 bus
159 1423 318 1472 auctorem
341 1415 521 1472 Athenionis
545 1415 637 1472 verba
658 1415 820 1472 referenda
843 1414 912 1481 sint,
934 1413 966 1472 id
986 1415 1072 1490 quod
1094 1415 1153 1472 iam
1165 1415 1227 1472 Eu-

82 1516 208 1573 stathius
232 1517 374 1591 opinatus
397 1524 446 1572 est
480 1511 536 1589 (ad
559 1515 673 1591 Odyss.
695 1515 782 1574 XIX.
806 1533 853 1590 pg.
882 1513 971 1574 1859.
994 1517 1034 1573 43
1058 1533 1127 1591 sqq.
1159 1511 1228 1576 Πα·

83 1611 242 1692 λαιφάτον
271 1614 307 1676 δέ
335 1612 488 1690 μέμνηται
515 1613 567 1676 καὶ
587 1613 767 1690 Ἀθήναιος,
802 1611 879 1675 ἔνθα
908 1612 1063 1690 μαγείρου
1095 1619 1228 1692 σοφιζο-

82 1714 181 1793 μένου
204 1714 256 1777 rol
287 1715 345 1791 τὴν
377 1713 497 1777 οἰκείαν
519 1714 633 1792 τέχνην
656 1712 942 1792 ἀποσεμνύνοντας
965 1713 1028 1792 ἔφη
1056 1713 1094 1778 τὸ
1116 1716 1227 1794 καινὸς

84 1815 197 1880 οὑτοσὶ
220 1815 438 1893 Παλαίφατος
461 1817 549 1893 κτλ.).
594 1819 713 1876 Eadem
735 1828 783 1876 est
804 1820 958 1876 sententia
971 1817 1148 1876 Casauboni
1173 1818 1228 1891 (ad

82 1941 108 1982 v.
130 1918 185 1996 27)
208 1929 239 1978 et
263 1920 381 1997 Kockii‚
404 1921 455 1997 qui
476 1918 559 1977 FCG
582 1920 632 1981 III.
656 1939 705 1996 pg.
730 1921 787 1980 371
811 1921 852 1978 ad
869 1939 894 1978 v.
912 1922 959 1979 ⁴27
983 1921 1129 1978 adnotat:
1167 1918 1226 1978 Pa·

84 2023 228 2098 laephato
266 2039 397 2096 coquum
432 2030 596 2098 comparat,
635 2029 667 2078 ut
700 2021 890 2078 incredibilia
922 2029 1098 2078 narrantem
1126 2029 1157 2078 et
1187 2021 1228 2077 ad

82 2125 248 2198 priscorum
269 2123 425 2180 hominum
449 2140 547 2180 mores
570 2124 762 2197 pertinentia.
793 2121 882 2195 Quae
899 2123 991 2180 Festa
1012 2116 1075 2198 (pg.
1092 2123 1131 2180 32
1149 2115 1227 2198 sqq.)

85 2244 122 2281 ex
136 2225 320 2282 Athenionis
344 2241 432 2281 versu
456 2225 594 2282 elicuisse
616 2225 673 2282 sibi
697 2225 827 2294 videtur,
850 2223 928 2282 infra
951 2223 1142 2282 examinabo

184 2327 249 2384 Sed
269 2325 406 2402 quamvis
430 2326 564 2384 arrideat
586 2326 690 2402 opinio
712 2326 811 2384 verbis
844 2325 900 2383 illis
924 2324 1142 2400 Palaephatum
1163 2323 1229 2382 libri

84 2430 125 2485 de
147 2427 374 2486 incredibilibus
398 2436 557 2486 auctorem
580 2427 751 2504 significari,
783 2436 887 2485 tamen
913 2445 983 2485 mea
1012 2426 1138 2502 quidem
1160 2442 1228 2483 sen·

84 2531 181 2588 tentia
214 2531 295 2588 adeo
319 2548 383 2586 non
416 2537 499 2586 certa
524 2539 579 2606 est,
607 2537 641 2586 ut
668 2547 707 2584 ne
729 2529 936 2602 hoc-quidem
958 2529 1026 2586 loco
1049 2533 1228 2604 argumento

82 2633 125 2689 uti
146 2632 299 2707 possimus
321 2632 363 2688 ad
379 2630 556 2706 Palaephati
578 2639 711 2688 aetatem
734 2630 950 2690 definiendam.
993 2629 1073 2687 Nam
1094 2635 1229 2704 praeter·

82 2751 176 2808 quam
199 2734 285 2808 quod
307 2733 396 2806 coqui
418 2732 560 2800 narratio,
582 2749 643 2808 qua
665 2733 832 2806 priscorum
845 2731 1002 2788 hominum
1020 2731 1112 2787 rudes
1129 2745 1228 2786 mores

83 2847 151 2892 arte
175 2834 321 2891 culinaria
343 2833 453 2890 lenitos
477 2850 546 2890 esse
570 2833 705 2908 exponit,
733 2851 803 2890 cum
824 2832 1003 2908 Palaephati
1024 2831 1133 2906 libello,
1166 2847 1227 2905 quo

82 2944 244 3010 poetarum
280 2943 311 2992 et
347 2934 600 3010 logographorum
633 2933 837 2991 fabulationes
866 2935 908 2992 ad
938 2933 1071 2990 veritatis
1094 2931 1229 3006 speciem

82 3039 231 3094 reducere
247 3038 360 3110 studet,
386 3037 434 3093 vix
456 3036 624 3112 quidquam
647 3035 849 3094 similitudinis
866 3035 968 3111 habet,
991 3035 1116 3091 omnino
1132 3031 1228 3090 multo

185 3293 213 3360 1)
232 3295 358 3344 Veterum
387 3295 515 3345 editorum
545 3294 709 3345 coniecturas
728 3295 761 3344 ad
782 3294 852 3344 hunc
879 3295 968 3344 locum
985 3293 1101 3359 prolatas
1120 3291 1229 3358 collegit

83 3384 257 3433 Cassubonus
276 3383 309 3432 ad
327 3383 423 3434 Athen.
448 3383 573 3433 Meineke
597 3384 667 3434 FCG
685 3383 734 3434 IV.
753 3399 794 3448 pg.
815 3381 869 3435 560
886 3383 1024 3449 proposuit
1043 3382 1138 3445 καινὸς
1158 3381 1228 3448 πάρ-

83 3465 169 3536 εστιν,
192 3487 268 3537 quarn
287 3469 459 3521 coniecturam
482 3473 565 3521 Kock
585 3472 656 3523 FCG
674 3474 723 3524 ΙΙΙ.
742 3488 786 3537 pg.
806 3471 857 3524 371
879 3480 983 3523 secutus
1002 3488 1055 3521 non
1074 3479 1120 3522 est.

185 3558 211 3626 2)
231 3560 307 3624 Quod
325 3560 425 3609 Miiller
444 3562 521 3611 FIIG
539 3562 589 3610 III.
608 3577 652 3626 pg.
671 3560 724 3613 482
744 3576 782 3626 sq.
803 3562 950 3626 suspicatur
962 3560 1139 3610 Athenionem
1159 3560 1229 3625 apud

82 3651 171 3715 ipsum
189 3649 283 3698 Iubam
311 3648 417 3711 degisse
444 3651 605 3715 eundemque
629 3664 689 3698 esse
708 3655 786 3714 atque
806 3665 873 3715 eum,
901 3649 973 3698 cuius
992 3647 1090 3698 mentio
1110 3647 1139 3697 tit
1158 3647 1228 3713 apud

83 3737 185 3788 Athen.
205 3737 281 3786 VIII.
300 3753 344 3802 pg.
364 3737 416 3790 343
435 3739 475 3804 E,
504 3740 653 3789 coniectura
673 3739 815 3787 admodum
839 3738 919 3788 dubia
938 3745 964 3786 et
982 3739 1083 3786 incerta
1102 3743 1150 3800 est,
1169 3752 1228 3789 cum

83 3841 215 3890 nusquam
242 3824 286 3875 hic
304 3827 430 3888 Athenio,
460 3829 532 3878 cuius
552 3827 699 3893 discipulus
718 3829 853 3876 Leonteus
874 3827 991 3890 Argivus
1020 3832 1099 3890 poeta
1118 3825 1228 3889 tragicus

84 3916 141 3980 tuit,
170 3914 286 3964 comicus
317 3917 399 3966 fuisse
419 3917 518 3966 dicatur
545 3918 598 3978 (cfr.
627 3916 840 3980 Schweighaeus.
867 3917 927 3967 adn.
948 3915 1025 3965 adh.
1045 3915 1062 3965 l.
1082 3915 1159 3963 Tom.
1180 3914 1227 3966 IV.

83 4019 127 4067 pg.
147 4000 219 4064 561).
256 4004 401 4064 Praeterea,
421 4011 450 4054 ut
467 4006 548 4054 Festa
566 4021 673 4070 quoque
692 4003 801 4071 (pg.31.
821 4005 880 4056 adn.
893 4003 923 4070 3)
943 4003 1100 4062 observavit,
1120 4001 1228 4052 Miilleri

84 4091 217 4140 sententia
235 4090 303 4141 falsa
320 4098 367 4157 est,
401 4109 459 4143 cum
479 4109 532 4142 non
550 4093 678 4159 Athenio,
712 4093 760 4142 sed
778 4095 913 4142 Leonteus
942 4090 1053 4156 οἰκέτης
1077 4089 1228 4154 γενόμενος

81 4174 158 4243 Ἰόβα
177 4179 286 4231 dicatur.

186 4267 429 4332 Schweighaeuseri
448 4271 601 4336 opinionem
620 4272 729 4320 eandem
748 4271 867 4320 eiusdem
875 4270 1039 4321 Athenionis
1049 4269 1228 4337 Σαμόθρᾳκες

85 4357 202 4407 fabulam
222 4375 236 4406 a
255 4359 339 4411 schol.
367 4360 401 4408 ad
419 4359 514 4424 Apoll.
543 4358 749 4412 Rhod.1.915
778 4359 918 4422 significari
955 4359 1081 4409 Meineke
1106 4357 1187 4424 (FCG
1205 4355 1228 4410 Ι.

85 4444 153 4514 489)
171 4446 301 4499 refutavit.
