2914 4980
714 275 871 329 ..12-

218 451 324 518 ἳππων
345 450 556 516 ἀπολωλέναι·
577 449 657 514 κατὰ
673 449 709 514 δὲ
730 450 789 514 τὸν
810 448 910 514 αὐτὸν
932 447 1032 524 λόγον
1055 447 1108 512 καὶ
1131 438 1283 512 Ἀκταίων
1306 445 1370 511 ὑπὸ

220 556 285 617 τῶν
306 559 422 618 κυνῶν.
443 553 463 630 ἡ
485 553 522 616 δὲ
544 551 669 631 Μήδεια
699 549 869 630 βάπτουσα
898 551 957 628 τὰς
980 550 1031 614 ἐπὶ
1056 555 1115 627 τῆς
1138 552 1283 628 κεφαλῆς
1304 554 1371 611 τῶν

220 653 398 734 ἀνθρώπων
417 653 534 732 πολιὰς
557 653 609 716 καὶ
632 653 783 732 μελαίνας
805 657 947 717 ποιοῦσα
971 653 1131 731 ἐφημίσθη
1155 651 1231 728 τοὺς
1258 650 1371 728 γέρον-

220 775 280 833 τας
303 754 349 833 εἰς
372 754 510 835 λέβητας
532 753 783 818 κατακόπτουσα
805 755 900 831 νέους
916 757 1022 818 ποιεῖν
1038 753 1089 818 καί
1104 753 1144 816 τὰ
1159 752 1372 830 παραπλήσια

134 857 136 864 ’
221 855 360 935 τούτοις.
415 859 505 932 Quae
531 877 600 916 cum
632 859 676 916 ita
710 860 770 918 sint
793 859 963 934 Theonem,
995 860 1020 916 si
1047 859 1149 934 plures
1173 855 1372 932 Palaephatei

221 957 295 1036 περὶ
329 955 473 1020 ἀπίστων
507 959 605 1034 operis
635 951 728 1018 libros
761 960 907 1030 novisset,
948 962 988 1017 ad
1018 961 1076 1018 vim
1099 960 1272 1018 sententiae
1295 977 1371 1016 suae

221 1063 396 1138 augendam
432 1061 575 1118 librorum
610 1079 768 1118 numerum
803 1061 1014 1137 appositurum
1044 1070 1075 1119 et
1097 1063 1250 1119 dicturum
1274 1060 1371 1118 fuisse

221 1172 298 1240 puto
321 1161 542 1238 Palaephatum
576 1179 639 1219 non
673 1171 773 1220 totum
810 1164 924 1231 librum,
962 1165 1018 1222 sed
1055 1163 1190 1238 quinque
1227 1163 1372 1218 librorum

222 1282 300 1340 opus
322 1265 363 1322 de
386 1264 476 1321 rebus
499 1263 725 1322 incredibilibus
748 1265 975 1339 conscripsisse.
1027 1265 1136 1340 ltaque
1159 1281 1198 1320 ex
1219 1263 1279 1321 hoc
1300 1261 1371 1320 loco

224 1365 370 1424 concludi
404 1381 497 1440 posse
532 1364 672 1445 existimo
695 1364 818 1422 Theoni
853 1383 947 1422 unum
979 1375 1097 1450 tantum
1130 1361 1204 1440 περὶ
1226 1359 1373 1424 ἀπίστων

222 1467 330 1524 librum
351 1475 458 1524 notum
481 1464 580 1525 fuisse.
617 1464 711 1538 Quod
734 1467 759 1524 si
780 1467 852 1524 mihi
875 1468 1072 1536 concedetur,
1100 1467 1234 1526 Probum
1250 1483 1374 1542 quoque

225 1569 265 1625 de
291 1585 352 1624 uno
374 1567 449 1625 libro
471 1567 555 1644 loqui
577 1568 737 1624 verisimile
760 1569 825 1627 erit.

322 1667 431 1726 Restat
465 1668 658 1726 nihilominus
695 1669 859 1726 difficultas
893 1671 924 1727 in
948 1668 1072 1738 Suidae‚
1108 1670 1244 1742 Eusebi,
1271 1668 1374 1728 Orosii

224 1768 331 1828 verbis.
376 1768 439 1826 Sed
462 1787 647 1846 quamquam
669 1770 721 1839 ita,
759 1779 792 1827 ut
819 1771 901 1827 nulla
929 1777 1087 1828 remaneat
1109 1771 1281 1856 dubitatiop
1309 1787 1374 1827 non

224 1877 329 1946 potest
349 1870 552 1928 demonstrari
575 1889 667 1928 unum
689 1871 783 1928 luisse
799 1871 978 1946 Palaephati
1000 1872 1108 1929 librum
1130 1869 1202 1947 περὶ
1226 1865 1374 1932 ἀπίστων

226 1971 415 2048 inscriptum,
438 1979 541 2028 tamen
557 1971 670 2029 collato
687 1971 825 2030 Theonis
848 1973 915 2028 loco
931 1973 1100 2030 admodum
1121 1973 1281 2030 verisimile
1303 1989 1374 2029 esse

225 2073 354 2130 videtur.
399 2071 469 2130 Huc
490 2073 621 2141 accedit,
645 2075 738 2148 quod,
762 2073 787 2130 si
808 2092 848 2130 ne
869 2073 983 2148 primus
1007 2075 1133 2148 quidem
1158 2073 1232 2130 liber
1254 2073 1374 2146 integer

225 2181 363 2231 servatus
392 2181 450 2242 est,
487 2169 580 2249 (uam,
616 2191 695 2248 quae
722 2174 809 2232 affert
843 2173 1046 2248 Hieronymus
1082 2176 1152 2234 847.
1178 2173 1214 2232 Π.
1238 2191 1289 2249 pg.
1314 2174 1372 2232 55:

227 2274 346 2344 „scribit
369 2274 574 2351 Palaephatus
596 2276 627 2332 in
649 2275 871 2334 incredibilium
894 2275 969 2333 libro
992 2275 1088 2350 primo
1104 2276 1223 2333 Sirenas
1247 2292 1374 2348 quoque

226 2375 321 2434 fuisse
343 2376 529 2448 meretrices,
561 2394 641 2450 quae
669 2377 847 2451 deciperent
868 2378 1079 2452 navigantes“‚
1112 2395 1176 2434 nou
1198 2383 1322 2434 exstant
1344 2375 1376 2431 in

227 2477 376 2553 opusculo
403 2476 546 2552 servato),
576 2479 651 2552 quid
678 2479 708 2534 in
730 2477 851 2554 reliquis
874 2486 1020 2553 quattuor
1046 2477 1128 2535 libris
1151 2485 1306 2536 narratum
1328 2475 1342 2532 f
1361 2509 1374 2520 -

226 2578 290 2652 erit,
312 2579 362 2634 vix
384 2585 488 2653 potest
509 2578 651 2653 intellegi.
709 2577 827 2636 Dixerit
858 2578 989 2636 fortasse
1024 2579 1175 2654 quispiam
1211 2578 1376 2635 Theonem

227 2679 387 2754 epitomen
420 2687 539 2736 tautum
572 2681 674 2755 operis
707 2679 915 2755 Palaephatei,
956 2697 1068 2754 nempe
1091 2699 1169 2748 eam,
1205 2697 1297 2754 quam
1318 2696 1377 2736 nos

225 2781 385 2858 habemus,
419 2781 560 2853 novisse;
599 2782 656 2839 sed
690 2781 828 2858 profecto
859 2783 1029 2840 mirandum
1063 2790 1155 2852 esset,
1191 2781 1216 2838 si
1244 2780 1377 2850 Theoni‚

228 2899 319 2958 quem
340 2883 508 2940 accuratius
531 2883 562 2938 in
593 2883 745 2939 eiusmodi
774 2899 821 2940 res
848 2883 1039 2957 inquisivisse
1068 2890 1204 2958 apparet,
1241 2883 1377 2956 epitome

227 2993 349 3042 tantum
379 2991 454 3040 nota
484 2991 575 3051 esset,
612 3001 681 3040 cum
715 2983 865 3042 Eusebius
900 2992 931 3040 et
961 2982 1087 3042 Orosius
1118 2983 1271 3058 integrum
1298 3000 1377 3058 opus

229 3085 369 3143 manibus
392 3091 541 3142 tenerent.

327 3185 392 3242 Iam
413 3185 583 3256 videamus,
618 3187 693 3261 quid
714 3187 912 3245 iudicandum
940 3186 979 3244 sit
1001 3187 1040 3243 de
1063 3186 1137 3244 locis
1160 3185 1377 3260 Palaephateis

229 3288 269 3344 ab
292 3286 358 3344 aliis
381 3287 576 3360 scriptoribus
601 3287 708 3356 allatis,
732 3289 783 3362 qui
804 3288 929 3364 quidem
945 3288 985 3345 ad
1002 3305 1079 3363 opus
1095 3289 1135 3344 de
1150 3287 1377 3346 incredibilibus

228 3388 385 3446 referendi
408 3405 475 3446 esse
500 3387 671 3447 videantur.
715 3388 803 3445 Duae
825 3407 873 3446 res
897 3389 1116 3446 diiudicandae
1139 3396 1225 3447 suut:
1248 3389 1379 3463 primum

228 3507 302 3547 num
325 3507 432 3546 omnes
454 3489 515 3546 loci
547 3490 588 3548 ad
611 3489 788 3565 Palaephati
811 3507 888 3565 opus
925 3491 1092 3564 genuinum
1125 3490 1278 3547 referendi
1311 3490 1378 3568 sint,

230 3599 306 3669 tum,
328 3608 401 3648 num
424 3591 525 3665 operis
543 3589 740 3666 Palaephatei
763 3593 976 3650 recensionem
992 3592 1142 3650 diversam
1158 3591 1196 3650 ab
1213 3609 1271 3659 ea„
1286 3608 1378 3666 quam

228 3710 286 3750 nos
310 3692 469 3761 habemus,
496 3709 665 3767 agnoscere
687 3695 867 3752 debeamus,
916 3693 964 3750 De
987 3694 1029 3750 eis
1053 3693 1136 3768 locis,
1166 3691 1271 3766 quiin
1303 3692 1379 3750 libro

229 3802 352 3850 servato
375 3793 486 3850 eadem
514 3792 612 3850 forma
641 3793 791 3870 leguntur,
827 3812 889 3851 non
911 3803 967 3868 est,
989 3812 1042 3852 cur
1063 3795 1155 3852 verba
1178 3793 1296 3862 faciam,
1320 3795 1378 3852 sed

230 3895 267 3969 ei,
291 3895 342 3969 qui
364 3895 424 3952 iam
452 3911 516 3952 nou
537 3903 659 3952 exstant
681 3897 710 3952 in
734 3896 914 3970 Palaephati
937 3895 1094 3970 opusculo,
1127 3895 1175 3951 vel
1198 3894 1259 3951 alia
1282 3892 1380 3952 forma

229 4003 361 4065 exstant,
384 3997 552 4054 accuratius
575 3997 772 4056 examinandi
794 4006 875 4056 sunt.

330 4095 532 4174 Quantopere
565 4097 685 4157 fabulae
720 4098 947 4174 Palaephateae
982 4117 999 4155 a
1029 4099 1249 4175 posterioribus
1283 4114 1379 4172 saepe

230 4208 368 4260 mutatae
395 4219 432 4258 ac
453 4202 641 4276 depravatae
671 4202 741 4270 sint,
771 4203 918 4278 cognosci
939 4210 1044 4277 potest
1066 4220 1104 4258 ex
1126 4201 1259 4259 Tzetzae
1283 4199 1378 4258 schol.

230 4303 272 4360 ad
293 4301 444 4379 Lycophn
472 4320 498 4362 ν.
525 4305 614 4364 1206.
643 4299 692 4378 (ΙΙ.
716 4322 767 4380 pg.
791 4304 860 4364 960.
883 4298 1022 4378 Miiller.)‚
1052 4303 1103 4359 ubi
1126 4301 1216 4360 dicit:
1254 4297 1378 4360 Παλαί-

229 4419 337 4480 φατος
359 4401 395 4466 δὲ
418 4399 436 4466 ὁ
461 4399 604 4480 Στωικὸς
627 4404 762 4482 ψυχρῶς
784 4401 841 4479 μὲν
870 4399 960 4480 ὅμως
983 4401 1019 4464 δὲ
1042 4397 1261 4478 ἀλληγορικῶς
1286 4396 1376 4462 ὀδόν-
