2914 4980
185 1509 365 1586 Palaephati
390 1512 550 1570 cuiusdam
570 1509 694 1568 nomine
716 1509 879 1583 inscriptus
901 1508 1110 1566 circumfertur
1124 1507 1214 1564 libel·

61 1615 107 1671 lus
129 1608 201 1687 περὶ
229 1607 375 1672 ἀπίστων
410 1606 516 1691 (quam
548 1630 650 1668 veram
682 1627 751 1668 esse
785 1610 1013 1687 inscriptionem
1045 1609 1124 1668 infra
1156 1609 1210 1666 de·

61 1707 298 1788 monstrabitur),
320 1730 411 1788 quern
434 1733 452 1771 a
473 1713 599 1772 Graecis
623 1713 825 1787 posteriorum
850 1720 1021 1788 temporum
1038 1719 1069 1769 et
1085 1729 1104 1768 a
1118 1711 1214 1768 medii

62 1816 129 1873 aevi
150 1813 321 1871 hominibus
344 1831 462 1872 summo
486 1831 554 1872 cum
577 1814 680 1872 studIo
704 1813 873 1870 lectitatum
895 1830 964 1870 esse
980 1820 1012 1869 et
1028 1812 1211 1870 testimoniis

62 1917 133 1973 iude
155 1935 172 1973 a
197 1914 287 1971 tertio
302 1933 331 1990 p.
348 1913 417 1975 Chr.
442 1916 566 1974 saeculo
589 1915 758 1972 admodum
780 1914 892 1972 crebris
919 1922 951 1971 et
974 1915 1117 1972 codIcum
1139 1915 1213 1972 satis

62 2036 174 2094 magna
197 2017 287 2092 copia
302 1997 463 2092 probatur.
509 2017 574 2076 Nec
598 2017 697 2076 minus
713 2017 895 2092 opusculum
915 2017 991 2074 iilud
1012 2023 1086 2092 post
1107 2024 1215 2074 renata

62 2119 250 2195 antiquitatis
290 2120 391 2178 studia
423 2121 554 2178 virorum
587 2121 749 2176 doctorum
782 2119 900 2176 animos
933 2118 964 2175 iu
994 2136 1028 2176 se
1057 2118 1214 2179 convertit.

65 2219 143 2278 Cum
174 2238 245 2277 vero
276 2220 349 2278 inde
382 2221 421 2280 ab
444 2221 529 2278 initio
561 2221 674 2278 saeculi
695 2219 776 2280 XVI.
801 2236 900 2294 usque
928 2219 1084 2278 adfinem
1104 2218 1216 2280 XVIII.

61 2321 239 2396 saepissime
275 2321 391 2379 libellus
424 2331 506 2380 esset
533 2323 635 2380 editus
658 2353 698 2362 —-
723 2339 801 2379 uuus
831 2319 877 2398 Jo.
902 2321 985 2381 Frid.
1009 2321 1136 2379 Fischer
1163 2339 1218 2379 sex

69 2415 184 2478 curavit
198 2421 350 2480 editiones
364 2453 414 2494 -,
436 2432 540 2480 nostro
557 2423 680 2480 saeculo
698 2421 793 2480 semel
811 2429 932 2480 tantum
948 2423 1026 2498 typis
1045 2423 1216 2500 exscriptus

67 2523 166 2580 ostiu
187 2522 410 2580 Westermanni
442 2523 670 2600 MythographIs
704 2523 893 2600 Brunsvigae
927 2524 1016 2583 1843.
1074 2525 1214 2601 Singulas

66 2624 219 2681 editiones
243 2641 420 2681 enumerare
446 2642 524 2700 opus
548 2643 611 2683 non
634 2643 701 2683 esse
724 2626 851 2701 videtur,
886 2643 955 2682 cum
986 2634 1016 2683 et
1038 2643 1057 2681 a
1079 2625 1216 2684 Wester-

65 2743 180 2782 manno
212 2719 244 2801 (l.
271 2743 298 2782 c.
322 2726 353 2782 iu
372 2725 467 2800 praef.
490 2744 540 2802 pg.
566 2721 639 2803 XIl)
674 2735 705 2782 et
727 2726 954 2784 accuratissime
976 2727 1015 2784 ab
1038 2726 1215 2787 Ecksteinio

67 2828 99 2883 in
120 2827 205 2894 libro,
228 2827 280 2901 qui
302 2826 489 2887 inscribitur:
516 2827 609 2886 Ersch
631 2829 696 2884 und
720 2827 839 2884 Gruber
862 2828 1047 2904 Aligemeiue
1068 2828 1217 2906 Euryelo-

65 2928 160 3002 padie
182 2928 237 2984 der
258 2925 518 2985 Wissenschaiten
540 2929 605 2985 und
621 2929 742 3010 Ktinste
763 2928 814 2988 III.
837 2927 919 2986 Sect.
943 2930 1043 2989 9und
1074 2933 1113 2990 10
1126 2931 1217 2988 Theil
1299 2999 1303 3004 Ι

69 3046 93 3088 s.
118 3046 145 3087 v.
172 3027 375 3102 Palaephatus
404 3023 467 3105 (pg.
491 3031 561 3089 340.
584 3025 639 3105 41)
673 3015 898 3090 recenseantur.
948 3030 1074 3088 Maximi
1096 3041 1219 3106 praeter

66 3127 293 3187 Westermanni
330 3129 500 3187 editionem
545 3131 693 3198 momenti
735 3131 868 3188 Fischeri
913 3139 1001 3190 sexta
1036 3133 1134 3191 editio
1170 3143 1218 3192 est

66 3226 204 3305 (LIpsiae
231 3225 332 3307 1789),
362 3230 412 3288 ubi
440 3231 576 3288 omnium
601 3232 735 3306 priorum
765 3232 937 3290 editi0num
960 3233 1122 3310 diligenter
1142 3236 1219 3294 ratio

65 3331 207 3388 habetur.

169 3432 220 3489 Ad
245 3439 359 3488 textum
383 3431 632 3489 constituendum
656 3431 882 3491 Westermanni
910 3443 1075 3508 apparatus
1098 3437 1220 3495 criticus

64 3534 142 3591 satis
165 3533 302 3606 exiguus
337 3532 378 3588 de
415 3549 476 3606 quo
510 3531 588 3590 iufra
616 3533 712 3592 fusius
742 3535 814 3592 mihi
836 3536 1056 3610 disputandum
1079 3537 1143 3610 erit,
1171 3539 1219 3595 vin

63 3635 215 3692 idoneum
244 3635 370 3708 praebet
393 3637 571 3715 subsidium.
628 3635 716 3708 Quae
749 3647 908 3714 praeterea
937 3637 1128 3696 adhibuerim
1151 3640 1220 3697 sub·

65 3735 161 3809 sidia,
184 3735 246 3817 suis
268 3735 342 3792 locis
366 3736 499 3794 afferam.

174 3820 354 3910 Priusquam
378 3838 418 3894 ad
441 3838 532 3916 ipsas,
556 3856 632 3914 quas
655 3842 833 3898 tractandas
851 3840 924 3898 mihi
947 3841 1103 3919 proposui,
1128 3859 1221 3916 quae-

65 3935 189 3992 stiones
207 3945 370 4013 transeam,
394 3939 433 3996 de
455 3940 522 4013 ipso
545 3941 645 3999 libello
669 3959 768 4015 pauca
790 3941 897 4020 dicam.
931 3940 1076 4017 Opusculi
1092 3943 1221 4018 scriptor

64 4037 240 4110 praemissa
262 4037 463 4115 praefatione,
498 4058 559 4116 quo
590 4041 717 4100 consilio
745 4042 879 4100 libellum
912 4042 1073 4118 scripserit,
1094 4043 1220 4106 iudicat.

65 4136 291 4196 Demonstrare
314 4141 376 4197 vuit
399 4158 504 4198 omnes
526 4159 573 4199 res
596 4143 791 4203 Incredibiles
814 4162 833 4200 a
854 4145 954 4220 poetis
977 4144 1103 4219 aliisque
1127 4146 1220 4221 scrip·

64 4237 187 4296 toribus
209 4248 345 4297 narratas
378 4259 505 4299 revera
529 4244 621 4317 plane
656 4245 744 4301 aliter
775 4245 921 4303 accidisse
948 4263 984 4303 ac
1014 4256 1216 4308 narrarentur.

64 4337 141 4395 Hoc
164 4339 292 4397 dIversis
313 4341 478 4399 rationibus
501 4342 622 4401 efficere
644 4345 757 4404 studet.
792 4346 854 4403 Aut
877 4345 1051 4420 simpliciter
1071 4365 1119 4416 ea,
1141 4364 1220 4422 quae
1320 4331 1324 4340 ¹

62 4439 107 4496 de
131 4440 313 4498 animalibus
335 4443 502 4512 traduntur,
526 4446 568 4504 ad
592 4445 732 4504 homines
755 4447 914 4506 referenda
931 4463 1000 4506 esse
1021 4447 1103 4519 dicit,
1126 4443 1222 4526 (velut

1058 4544 1073 4596 1
