2914 4980
731 299 890 356 -14..

234 478 361 537 haustos
383 478 499 544 afferat,
533 469 664 550 errasse3
699 479 756 536 sed
787 479 836 536 vix
865 486 969 554 potest
992 479 1132 552 dubitari,
1167 481 1240 555 quin
1262 481 1374 540 Eusta-

234 579 314 636 thius
335 579 502 654 pleniorem
524 579 702 656 Palaephati
722 581 829 638 librum
850 580 977 640 noverit.
1021 579 1083 638 Cur
1101 581 1192 654 igitur
1213 599 1276 639 non
1301 600 1374 640 con·

235 683 378 738 cedamus
401 682 532 739 eandem
552 681 836 757 interpretationem
859 691 891 740 et
911 685 995 758 apud
1018 685 1212 758 Anonymum
1236 693 1269 743 et
1292 687 1378 760 apud

235 782 453 857 Palaephatum
482 783 635 840 exstitisse
668 777 736 862 (cfr.
766 784 910 859 Palaeph.
932 784 970 844 ΙΙ.
1006 792 1038 841 et
1069 783 1168 845 Anon.
1199 786 1266 846 VlI.
1302 784 1377 862 trapi

235 879 450 960 Πασιφάης)Ρ
472 884 552 942 Fieri
573 894 688 962 potest,
709 895 743 943 ut
764 887 940 962 Anonymus
963 905 1001 943 ex
1016 883 1207 962 Palaephato
1229 889 1378 948 hauserit.

334 987 418 1042 Alius
439 1003 509 1043 vero
532 987 684 1044 Eustathii
705 988 799 1056 locus,
831 1005 892 1063 quo
911 989 952 1046 ad
972 984 1192 1063 Palaephatum
1215 999 1378 1066 provocat,

236 1105 304 1144 cum
328 1095 447 1145 servata
472 1088 726 1164 interpretatione
758 1089 855 1164 primo
890 1089 1013 1164 quidem
1049 1090 1199 1163 adspectu
1235 1092 1381 1166 coniungi

236 1207 297 1247 non
318 1208 410 1265 posse
431 1191 560 1266 videtur,
592 1194 636 1250 ita
656 1203 690 1251 ut
712 1195 805 1252 Festa
829 1189 891 1271 (pg.
917 1190 970 1271 22)
1002 1196 1042 1251 de
1065 1194 1177 1271 duplici
1198 1193 1382 1251 recensione

234 1291 420 1366 cogitaverit.
465 1293 565 1351 Locos
588 1313 757 1370 apponam:
1271 1287 1274 1292 ¹

385 1435 529 1556 Palaiph.
553 1498 619 1556 cap.
641 1481 692 1541 rx.
893 1483 1034 1543 uastati.
1051 1482 1083 1540 ιιι
1098 1481 1185 1541 maa.
1200 1477 1316 1539 xxiv,

971 1603 1021 1662 pg.
1040 1585 1128 1644 1368.
1145 1583 1163 1642 8
1179 1598 1245 1656 sqq.

291 1693 410 1775 Νιόβης
447 1695 680 1762 ἀποθανόντων
715 1702 781 1763 τῶν
875 1697 1081 1779 Παλαιφάτῳ
1096 1697 1133 1761 δὲ
1149 1695 1237 1759 δοκεῖ
1252 1691 1382 1769 ἄγαλμα

234 1796 359 1861 παίδων
403 1797 542 1878 ποιήσας
580 1820 627 1877 τις
672 1798 782 1865 εἰκόνα
834 1801 952 1882 Νιόβης
974 1798 1108 1864 ἑστάναι
1130 1797 1209 1874 ὕλης
1232 1796 1380 1872 στερεᾶς,

234 1897 356 1975 λιθίνην
378 1895 517 1974 ἔστησεν
532 1899 583 1963 ἐπὶ
606 1904 651 1984 τῷ
674 1901 781 1985 τύμβῳ
832 1901 851 1965 ὃ
873 1905 912 1984 τῇ
932 1899 1076 1964 κάτωθεν
1099 1899 1162 1979 ἕως
1185 1897 1236 1961 καὶ
1256 1893 1302 1971 εἰς
1320 1891 1381 1970 ὀφ-

235 2003 300 2063 τῶν
335 1998 467 2063 παίδων.
504 1999 618 2076 ἔλεγον
655 2000 715 2066 οὖν
752 2001 782 2066 οἰ
832 2003 975 2081 θαλμούς
1005 2002 1179 2080 σοντμήσει
1211 1997 1264 2060 διά
1284 2015 1381 2060 τινων

236 2099 521 2180 παριόντεςΝιόβη
533 2101 634 2180 λιθίνη
648 2102 782 2181 ἕστηκεν
834 2101 989 2178 ἀνωγέων
1013 2093 1050 2183 (ί)
1085 2100 1171 2180 ὕδωρ
1205 2099 1381 2176 ἀναθλίβον

237 2201 288 2264 ἐπὶ
309 2207 355 2286 τῷ
376 2199 485 2283 τύμβῳ
507 2203 559 2266 καὶ
580 2201 671 2282 ἡμεῖς
694 2204 781 2268 ἐθεα-
833 2201 914 2266 κατά
935 2223 1006 2267 τινα
1021 2201 1165 2282 μηχανὴν
1181 2203 1284 2278 διηθεῑ
1300 2197 1381 2262 αὐτὸ

237 2301 363 2381 σάμεθα
386 2301 494 2380 αὐτήν·
833 2303 885 2368 διὰ
920 2306 986 2367 τῶν
1022 2303 1058 2368 ἐν
1096 2303 1164 2380 τοῖς
1199 2299 1383 2379 ὀφθαλμοῖς

264 2421 265 2426 ’
832 2407 960 2469 πυκνῶν
994 2404 1105 2483 πόρων
1136 2400 1243 2466 εἰτοῦν
1263 2398 1381 2479 τμημά-

833 2525 908 2581 των,
932 2505 976 2583 ὡς
998 2509 1106 2570 δοκεῖν
1128 2503 1248 2568 ἐκεῖθεν
1269 2520 1383 2579 καταρ-

834 2607 918 2685 ρὲειν
940 2605 1090 2686 δάκρυον.

334 2812 404 2884 Qua
425 2812 455 2868 in
479 2809 601 2868 fabulae
623 2809 867 2867 conformatione
888 2810 961 2867 nihil
984 2809 1147 2876 consentit,
1182 2807 1239 2865 nisi
1262 2805 1382 2864 Niobes

234 2921 367 2971 statuam
402 2913 555 2988 lapideam
577 2942 619 2952 -
639 2923 713 2968 nam
746 2906 826 2986 ὕλης
860 2911 998 2986 στερεάς
1035 2913 1119 2969 idem
1156 2908 1308 2983 significat
1346 2923 1383 2966 ac

235 3011 333 3088 λιθίνη
365 3046 403 3054 -
434 3015 464 3070 in
484 3013 648 3069 liberorum
670 3013 808 3086 sepulcro
832 3013 1018 3072 collocatam
1040 3013 1134 3070 fuisse
1159 3026 1294 3080 causam,
1331 3025 1385 3065 cur

234 3115 334 3172 Niobe
366 3115 397 3172 in
433 3114 569 3189 lapidem
601 3102 791 3170 commutata
820 3130 890 3170 esse
927 3114 1086 3172 diceretur.
1130 3111 1194 3170 Sed
1225 3111 1285 3168 hoc
1315 3111 1384 3186 ipso

236 3231 397 3282 consensu,
434 3233 504 3272 curn
533 3231 651 3272 summa
682 3213 720 3270 sit
753 3213 797 3270 rei
828 3233 899 3272 mea
921 3215 1046 3290 quidem
1069 3213 1231 3285 sententia,
1262 3213 1385 3269 fabulae

235 3317 517 3392 interpretationem
539 3315 673 3372 eandem
696 3332 766 3372 esse
789 3316 872 3396 apud
894 3315 1114 3392 Palaephatum
1137 3324 1168 3373 et
1190 3314 1385 3372 Eustathium

234 3421 387 3494 probatur.
422 3417 511 3490 Quae
534 3415 661 3473 artificia
683 3416 865 3474 Eustathius
887 3427 1050 3493 praeterea
1073 3417 1160 3475 affert
1181 3417 1255 3473 inde
1278 3433 1297 3472 a
1320 3433 1385 3472 ver-

235 3520 280 3578 bis
303 3515 372 3598 ὃτῇ
396 3513 540 3578 κάτωθεν
567 3535 630 3574 non
651 3537 691 3574 ex
712 3517 894 3594 Palaephati
917 3521 1097 3577 recensione
1126 3539 1145 3577 a
1166 3526 1271 3576 nostra
1293 3517 1386 3592 plane

236 3622 365 3690 diversa,
388 3621 537 3678 seditem
560 3637 598 3674 ex
619 3619 756 3694 pleniore
778 3620 854 3678 libro
876 3620 1095 3696 Palaephate0‚
1124 3622 1208 3678 unde
1231 3626 1386 3676 servatum

236 3739 313 3798 opus
337 3729 511 3796 excerptum
533 3728 589 3788 est,
615 3721 755 3779 hausisse
775 3721 903 3781 videtur.

336 3823 429 3897 Apud
455 3821 711 3881 Hieron-Euseb.
746 3822 849 3883 chron.
872 3825 942 3884 847.
964 3823 1004 3882 ΙΙ.
1032 3842 1082 3900 pg.
1107 3821 1146 3882 55
1176 3819 1271 3896 mythi
1292 3820 1386 3877 inter·

236 3925 438 4000 pretationem
460 3923 699 3999 Palaephateam
721 3923 881 3992 habemus
912 3942 992 3998 quae
1016 3941 1079 3981 non
1100 3930 1201 3981 exstat
1224 3923 1255 3979 in
1278 3921 1386 3980 Palae·

236 4025 321 4100 phati
352 4024 462 4090 libello,
500 4027 557 4082 sed
591 4025 674 4099 apud
707 4025 897 4082 Heraclitum
931 4025 1010 4101 (cap.
1033 4024 1114 4084 XIV.
1143 4024 1302 4081 Westerm.
1334 4041 1385 4100 pg.

237 4120 331 4203 315.)‚
353 4125 404 4200 qui
427 4125 607 4182 simillimum
637 4124 703 4182 libri
727 4126 925 4201 Palaephatei
948 4126 1127 4200 opusculum
1151 4125 1332 4199 conscripsit
1355 4133 1389 4181 et

237 4227 358 4303 saepius
394 4243 463 4283 cum
499 4227 686 4300 Palaephato
717 4229 857 4303 congruit
888 4227 938 4296 (cf.
963 4227 1028 4286 Pal.
1049 4227 1074 4286 1.
1105 4233 1136 4282 et
1159 4226 1230 4284 Her.
1253 4225 1289 4284 V.
1314 4223 1388 4300 περὶ

238 4323 442 4402 Κενταύρων;
478 4328 542 4388 Pal.
574 4328 610 4389 II.
643 4337 676 4386 et
703 4328 777 4388 Her.
794 4327 854 4402 ¹VI
884 4323 957 4403 περὶ
980 4323 1175 4403 Πασιφάης;
1216 4327 1280 4386 Pal.
1311 4326 1389 4384 XIV

236 4427 309 4506 περὶ
330 4418 528 4506 Ἀταλάντης
550 4425 602 4489 καὶ
626 4424 837 4505 Μελανίωνος
860 4439 891 4487 et
913 4429 986 4488 Her.
1011 4429 1068 4486 XII
1090 4425 1162 4504 περὶ
1185 4415 1388 4503 Ἀταλάντης
