2914 4980
560 320 717 374 ..15-

69 497 130 573 τῆς
162 493 323 574 Σχοινέως
347 494 399 560 καὶ
417 491 637 573 Ἱππομένους;
660 498 721 558 Pal.
738 497 845 556 XXXI
867 453 995 557 et⁸Her.
1018 497 1123 558 XXIV
1143 491 1216 572 περὶ

70 593 191 672 Φρίξου
214 595 267 658 καὶ
288 593 430 677 Ἕλλης).
460 600 569 675 Itaque
591 617 654 656 non
676 599 834 667 habemus,
858 618 908 656 cur
928 597 1115 674 Hieronymo
1137 597 1215 655 diffi-

70 701 190 759 damus.
232 699 302 757 Hoc
325 718 448 775 quoque
471 701 535 758 fieri
556 701 695 776 potuisse
718 701 867 774 concedo,
888 709 922 757 ut
943 701 1214 774 interpretationes

69 801 266 858 Heracliteae
290 801 346 858 sub
369 801 550 876 Palaephati
571 802 695 858 nomine
718 801 990 876 circumferrentur,
1019 802 1068 858 vel
1090 801 1215 858 omnino

70 901 224 960 eiusmodi
261 902 432 960 fabularum
467 901 733 977 interpretationes
769 901 961 976 Palaephato
1000 902 1214 960 tribuerentur.

70 1003 122 1060 Sic
143 1022 182 1060 ea
205 1021 339 1079 quoque,
373 1004 506 1078 quaein
530 1002 605 1060 Ciris
628 1022 655 1061 v.
678 1005 727 1064 87.
751 1011 852 1061 exstat
875 1002 1049 1070 difficultas
1074 1003 1217 1078 explicari

69 1111 194 1180 potest;
231 1121 304 1162 nam
325 1105 465 1162 carminis
488 1114 596 1164 auctor
618 1125 663 1165 vv.
687 1109 738 1166 77,
761 1123 827 1182 sqq.
862 1105 990 1179 Scyllam
1024 1104 1215 1161 meretricem
1310 1180 1311 1189 ἵ

71 1206 166 1263 fuisse
189 1205 273 1273 dicit,
295 1206 327 1262 id
349 1207 433 1283 qnod
459 1207 574 1274 „docta
589 1205 790 1282 Palaephatia
812 1215 940 1264 testatur
961 1223 1037 1262 voce
1054 1201 1216 1281 papyrus“‚

71 1291 154 1383 quae
186 1305 279 1380 mythi
311 1307 521 1382 interpretatio
551 1326 614 1366 non
637 1309 722 1384 apud
744 1307 977 1382 Palaephatnm,
1012 1307 1064 1382 qui
1086 1306 1217 1382 Scyllam

70 1409 239 1483 piratarum
267 1425 377 1466 navem
408 1407 502 1468 fuisse
531 1409 606 1466 dicit
635 1405 674 1484 (c.
700 1405 796 1485 XXI),
833 1410 889 1466 sed
923 1409 1008 1484 apud
1029 1406 1217 1464 Heraclitum

71 1505 181 1584 (011)
209 1509 364 1585 reperitur.
423 1509 485 1568 Sed
514 1528 585 1568 cum
612 1509 644 1568 in
668 1511 718 1568 illo
749 1528 838 1570 versu
869 1511 1043 1586 gravissime
1074 1516 1217 1584 corrupto

71 1609 251 1684 Palaephati
272 1628 386 1668 nomen
409 1613 584 1670 coniectura
606 1619 725 1670 tantum
749 1612 916 1689 repositum
938 1611 987 1681 sit,
1011 1610 1090 1668 hunc
1113 1609 1218 1667 locum

68 1711 200 1770 *omnino
224 1712 364 1771 omittere
385 1721 527 1794 praestat.

175 1814 307 1872 Restant
322 1814 455 1874 Malalae
477 1816 649 1891 complures
670 1816 740 1885 loci,
763 1816 815 1891 qui
835 1815 999 1874 nonnullas
1022 1812 1218 1870 difficultates

73 1915 233 1992 praebent,
263 1934 331 1974 cum
361 1916 530 1975 fabularum
556 1918 834 1993 interpretationes
858 1933 935 1992 quas
958 1915 1015 1974 sub
1038 1912 1219 1988 Palaephati

74 2017 201 2074 nomine
224 2017 309 2076 affert
331 2015 471 2093 MalalaS,
506 2019 615 2092 partim
640 2019 763 2075 omnino
786 2035 850 2074 non
873 2024 997 2075 exstent
1017 2017 1048 2073 in
1070 2015 1218 2090 opusculo

75 2125 208 2194 servato,
238 2119 347 2192 partim
373 2119 543 2176 admodum
566 2119 704 2177 diversae
727 2138 746 2176 a
765 2118 979 2194 Palaephateis
1002 2134 1070 2174 esse
1092 2115 1219 2172 videan-

76 2228 133 2278 tur.
177 2217 306 2277 Malalas
328 2216 391 2296 (pg.
412 2221 461 2280 82.
483 2239 510 2280 v.
543 2221 581 2278 10
603 2237 669 2296 sqq.
702 2221 750 2279 ed.
775 2218 887 2291 Bonn.)
917 2219 1024 2297 tradit,
1063 2217 1219 2292 quomodo

69 2320 282 2396 ¹Palaephatus
319 2320 456 2378 fabulam
492 2322 533 2378 de
563 2321 702 2379 Ledaei
729 2321 802 2379 Iove
826 2327 980 2378 narratam
1002 2319 1219 2394 interpretatus

76 2423 123 2482 sit.
167 2421 224 2480 Cui
245 2421 378 2480 Malalae
401 2422 471 2484 loco
493 2440 525 2480 re
548 2440 618 2480 vera
633 2422 871 2499 Palaephateam
894 2419 1128 2496 explicationem
1150 2421 1220 2477 sub·

76 2540 153 2592 esse,
188 2521 276 2580 facile
309 2523 406 2598 quivis
429 2523 486 2581 sibi
508 2523 720 2600 persuadebit3
757 2542 830 2581 nam
852 2530 885 2580 ut
906 2521 955 2579 hic
977 2517 1095 2594 κύκνος
1120 2520 1222 2587 ille,a

77 2641 138 2699 quo
161 2623 248 2681 Leda
270 2624 429 2698 gravidata
452 2631 508 2696 est,
547 2625 664 2682 iuvenis
687 2625 793 2700 aliquis
817 2623 910 2682 fuisse
932 2624 1050 2692 dicitur,
1073 2622 1117 2680 ita
1138 2621 1222 2697 apud

76 2723 299 2800 Palaephatnm
325 2725 445 2800 ταῦρος
467 2725 585 2783 invenis
610 2743 724 2783 nomen
744 2733 802 2795 est,
824 2743 887 2782 non
910 2723 1048 2783 animalis
1070 2719 1112 2796 (c.
1135 2722 1168 2782 II
1191 2729 1223 2780 et

77 2822 167 2902 XVI)
188 2834 219 2883 et
241 2821 372 2901 ἀλώπηξ
394 2827 560 2902 praedonis
584 2827 726 2886 Thebani
747 2821 787 2906 (c.
810 2822 913 2902 VIII).

178 2927 246 2985 Nec
266 2929 364 2985 minus
388 2945 437 3000 ea,
459 2945 540 3003 quae
563 2928 603 2985 de
626 2927 745 2986 Semele
766 2909 891 3004 eiusque
906 2927 967 2984 filio
983 2927 1124 3000 leguntur
1138 2925 1222 3000 apud

77 3023 254 3108 Malal.(pg.
279 3032 329 3088 41.
352 3047 379 3089 v,
402 3025 516 3106 4sqq.)
540 3031 582 3088 ad
605 3030 825 3106 Palaephatnm
846 3048 880 3086 re
913 3046 985 3084 vera
1007 3026 1108 3084 referri
1130 3041 1223 3100 posse

78 3140 153 3208 puto
183 3123 328 3205 (eandem
363 3131 646 3207 interpretationem
675 3133 854 3206 Anonymus
877 3149 901 3189 c.
927 3129 1013 3187 XVI.
1037 3145 1088 3203 pg.
1112 3126 1222 3186 325.3

78 3252 117 3290 ex
140 3231 276 3290 Charace
303 3227 414 3307 affert).
471 3233 559 3292 Idem
592 3233 672 3292 valet
705 3235 746 3290 de
770 3232 873 3291 Malal.
906 3250 957 3308 pg.
979 3232 1028 3291 et.
1062 3249 1089 3288 v.
1114 3231 1131 3286 2
1155 3244 1221 3302 sqq.

79 3330 143 3411 (cir.
165 3333 325 3393 Westerm.
349 3331 501 3410 Mythogr.
524 3352 574 3410 pg.
591 3335 661 3394 311.
679 3335 728 3392 27.
746 3329 835 3408 sqq),
859 3333 910 3389 ubi
933 3330 1037 3389 fabula
1059 3331 1099 3386 de
1116 3327 1223 3386 Martis

80 3453 150 3492 cnm
169 3433 291 3492 Venere
313 3435 464 3492 adulterio
488 3454 507 3493 a
529 3436 600 3493 Sole
628 3437 753 3493 detecto
781 3435 956 3510 explicatur.
1016 3430 1110 3504 Quod
1133 3429 1225 3488 Festa

79 3535 142 3616 (pg.
168 3538 233 3610 26.)
255 3543 343 3610 putat
366 3553 413 3614 ea,
436 3554 514 3612 quae
536 3536 665 3594 Malalas
691 3538 794 3594 tradat
824 3537 863 3592 de
886 3534 1018 3604 Venere,
1047 3531 1127 3596 Sole,
1151 3530 1224 3588 Dio·

79 3657 157 3715 nyso
179 3637 302 3695 duobus
325 3637 400 3694 locis
420 3655 509 3712 supra
531 3637 628 3694 allatis
656 3654 720 3694 non
753 3655 847 3712 posse
878 3635 1048 3694 consociari
1073 3650 1141 3689 cum
1163 3631 1223 3689 Pa-

79 3739 213 3816 laephati
238 3739 323 3809 libro,
347 3737 399 3812 qui
421 3738 504 3796 nulla
525 3739 676 3796 eiusmodi
698 3730 957 3810 ‚‚Enhemerismi“
987 3733 1115 3808 vestigia
1135 3749 1223 3808 prae·

79 3841 164 3906 beat,
203 3845 237 3894 ut
262 3838 349 3912 deos,
386 3839 471 3913 quasi
502 3839 641 3900 homines
664 3839 732 3912 sint,
755 3839 913 3914 depingat,
952 3835 980 3892 ei
1002 3834 1225 3910 opponendum

79 3948 129 3997 est
150 3955 253 4014 neque
273 3936 402 3995 Veneris
424 3957 527 4013 neque
542 3939 671 4014 Dionysi
696 3957 808 3996 nomen
824 3935 1016 4014 (simpliciter
1030 3933 1111 3992 enim
1127 3932 1225 3990 verbis

79 4037 161 4114 γυνὴ
187 4034 340 4110 Αἰγυπτία
373 4048 405 4096 et
437 4036 558 4115 βρέφος
590 4039 810 4116 significantur)
848 4040 902 4096 illis
925 4037 1057 4094 Malalae
1090 4034 1164 4092 locis
1194 4034 1226 4090 in

78 4145 146 4218 ipsa
170 4140 292 4198 fabulae
312 4139 565 4216 interpretatione
587 4142 730 4216 reperiri3
762 4139 867 4214 itaque
888 4157 927 4197 ne
950 4138 1033 4214 apud
1054 4135 1224 4209 Palaepha-

79 4253 147 4302 tum
179 4241 302 4317 quidem
330 4241 484 4299 exstitisse
516 4243 664 4301 videntur.
722 4241 787 4300 Nec
811 4242 908 4316 magis
931 4257 970 4296 eo
992 4238 1147 4296 offendere
1170 4237 1225 4293 de·

78 4347 198 4418 bemus,
222 4343 307 4416 quod
328 4335 440 4416 Ἥλιος
455 4343 586 4419 Aegypti
608 4361 660 4400 rex
684 4343 778 4401 fuisse
797 4344 915 4411 dicitur,
936 4358 1008 4398 nam
1022 4339 1102 4396 hunc
1123 4355 1226 4412 regem

80 4453 112 4504 et
135 4445 232 4502 deum
254 4443 389 4502 eundem
411 4462 476 4502 esse
498 4461 649 4520 nusquam
671 4445 798 4519 legimus
821 4445 902 4522 apud
921 4442 1074 4502 Malalam.
1090 4439 1227 4517 Apparet
