2914 4980
743 302 873 362 ..3-

236 485 427 564 Rhodiglnus
465 483 563 560 (Lect.
591 485 737 560 antiquae
763 484 905 562 Lugduni
936 485 1026 545 1560.
1057 485 1074 544 l.
1103 481 1201 544 XXX.
1236 501 1302 560 cap.
1334 483 1383 543 34.

236 597 310 646 tom.
333 588 384 650 Ill.
408 605 456 664 pg.
474 583 559 663 706),
576 585 729 662 Gyraldus
752 583 884 661 (Dialog.
901 587 937 654 2.,
958 583 1044 660 quod
1066 603 1143 661 opus
1166 585 1239 643 mihi
1259 594 1384 660 praesto

237 703 299 746 non
331 686 410 764 fuit),
443 687 592 746 Kusterus
624 689 679 762 (ad
712 684 839 746 Suidam
873 705 897 745 s.
920 707 947 744 v.
979 683 1197 762 Παλαίφατος
1231 682 1383 764 Πάριος).

237 789 356 847 Eadem
380 796 427 845 est
450 789 605 846 sententia
628 788 776 846 Simsonis
799 783 925 866 (Chrou.
948 789 1058 848 cathol.
1083 788 1183 849 Oxon.
1203 791 1281 848 1652
1306 797 1384 863 part.

237 889 290 949 IV.
313 907 363 964 pg.
386 891 426 948 57
450 890 492 946 ad
514 906 583 950 ann.
607 883 692 966 409),
726 889 777 966 qui
806 890 1028 966 Palaephatum
1051 889 1384 965 PariumThucydidis

240 988 401 1064 aequalem
423 988 517 1046 fuisse
536 998 635 1064 putat.

341 1089 398 1148 Cui
419 1092 592 1148 sententiae
623 1109 692 1148 cum
721 1093 812 1150 libelli
833 1090 958 1150 indoles
975 1093 1191 1169 ingeniumque
1216 1107 1386 1166 repugnare

242 1192 403 1266 videretur,
426 1192 475 1248 alii
497 1193 671 1250 Artaxerxis
695 1195 822 1252 secundi
837 1189 1030 1272 (tou—358)
1054 1195 1147 1252 aetati
1166 1191 1388 1267 Palaephatum

239 1293 321 1352 illum
353 1294 547 1352 tribuendum
581 1312 650 1353 esse
679 1303 873 1369 censuerunt,
903 1296 986 1352 velut
1008 1295 1191 1353 Lambecius
1213 1287 1386 1371 (Prodrom.

240 1394 309 1452 hist.
332 1393 456 1452 litterar.
487 1393 629 1452 Francos.
655 1403 686 1452 et
718 1395 798 1470 Lips
826 1397 907 1454 1710
929 1403 1056 1453 curante
1086 1395 1131 1474 J0.
1156 1379 1223 1455 Alb.
1247 1392 1387 1452 Fabricio

237 1513 285 1570 pg.
298 1492 373 1570 216)
395 1501 426 1552 et
449 1493 612 1553 Boeclerus
635 1492 689 1572 (de
712 1497 810 1572 script.
834 1498 952 1571 graecis
976 1505 1007 1553 et
1029 1497 1130 1554 latinis
1147 1514 1196 1572 pg.
1217 1499 1267 1572 20,
1292 1514 1386 1571 quem

240 1597 348 1655 librum
369 1577 520 1671 inspicere
541 1614 604 1655 non
626 1598 734 1672 potui).

339 1697 406 1755 Nec
432 1715 505 1755 vero
536 1699 710 1766 defuerunt,
745 1701 796 1776 qui
820 1700 1022 1758 Artaxerxem
1051 1700 1173 1758 tertium
1197 1697 1389 1775 (358—338)

243 1820 262 1858 a
283 1799 379 1858 Suida
410 1799 610 1876 significatum
644 1818 713 1858 esse
746 1810 897 1876 putarent.
941 1801 1048 1859 Saxius
1078 1795 1252 1874 (Onomast.
1277 1800 1390 1857 literar.

242 1901 264 1960 1.
290 1891 350 1976 pg..¹
369 1902 418 1960 88.
448 1901 530 1960 Trai.
559 1901 600 1956 ad
631 1899 726 1961 Rhen.
752 1899 846 1976 1775)
878 1903 1021 1976 opinatur
1052 1901 1274 1976 Palaephatum
1309 1901 1391 1958 circa

245 2017 371 2059 annum·
391 2003 453 2062 320
487 1995 615 2080 (eisdem
648 2010 740 2077 atque
778 2003 984 2060 Euhemerum
1016 1995 1219 2079 temporibus)
1252 2001 1391 2059 floruisse

247 2103 346 2160 causis
375 2119 438 2160 non
461 2103 583 2162 additis,
628 2101 717 2172 Quae
741 2105 893 2160 sententia
915 2102 1046 2162 Christio
1069 2120 1192 2177 quoque
1222 2097 1317 2178 (apud
1339 2101 1390 2162 Iw.

246 2203 408 2260 Mullerurn
424 2205 455 2260 in
466 2202 663 2275 „Handbuch
679 2205 735 2261 der
745 2205 833 2262 klass.
845 2200 1238 2262 Altertumswissenschaft“
1254 2201 1329 2260 V112
1342 2221 1393 2278 pg.

248 2297 322 2382 475)
354 2304 437 2362 haud
470 2305 675 2380 improbabilis
705 2322 772 2362 esse
802 2307 930 2364 videtur.
974 2305 1138 2363 Euhemeri
1163 2313 1392 2363 antecessorem

246 2405 349 2480 potius
373 2423 466 2482 quarn
489 2407 651 2482 aequalem
672 2406 764 2464 fuisse
786 2407 1007 2482 Palaephatum
1029 2407 1190 2465 contendit
1204 2407 1297 2464 Festa
1320 2402 1351 2481 (l.
1367 2423 1393 2464 c.

247 2523 296 2581 pg.
313 2508 352 2565 34
375 2506 465 2582 sqq),
487 2508 539 2581 qui
558 2509 721 2566 novissime
743 2509 938 2584 quaestiones
965 2507 1185 2584 Palaephateas
1202 2507 1296 2564 fusius
1313 2514 1393 2564 trac-

248 2607 333 2676 tavit,
363 2606 566 2666 Gutschmidii
590 2610 773 2666 coniecturis
807 2607 903 2685 (apud
936 2609 1091 2666 Flachium
1124 2608 1269 2684 Hesychii
1294 2607 1394 2666 Miles.

249 2709 417 2768 onomatol.
440 2726 520 2783 quae
542 2718 705 2784 supersunt
727 2711 849 2786 Lipsiae
874 2709 967 2784 1883)
991 2711 1084 2769 nisus.

350 2809 464 2868 Primus
487 2812 528 2868 de
548 2793 749 2886 ¹grammatico
777 2812 825 2868 illo
849 2811 999 2886 Aegyptio
1022 2813 1085 2869 sive
1108 2811 1288 2868 Atheniensi
1311 2809 1394 2884 cogi·

249 2920 333 2970 tasse
357 2913 476 2970 videtur
498 2912 569 2972 Ger.
588 2911 656 2989 Joa.
673 2911 811 2986 Vossius,
835 2914 886 2987 qui
908 2914 939 2969 in
961 2913 1037 2970 libro
1060 2914 1100 2970 de
1123 2912 1273 2970 historicis
1298 2909 1394 2968 Grae·

250 3013 292 3071 cis
314 3011 366 3072 Ill.
394 3031 444 3088 pg.
469 3017 527 3073 183
551 3032 595 3090 sq.
622 3012 685 3088 (ed.
707 3010 936 3092 Westermann)
969 3014 1048 3070 haec
1080 3014 1173 3073 dicit:
1210 3014 1274 3087 „sic
1305 3013 1397 3086 igitur

251 3121 365 3190 statuo,
387 3113 413 3170 si
437 3113 650 3190 Palaephatus,
672 3133 763 3191 quem
786 3114 945 3183 habemus,
972 3123 1021 3172 est
1043 3133 1121 3172 unus
1145 3133 1183 3172 ex
1205 3115 1262 3171 illis
1283 3113 1396 3170 Suidae
1420 3175 1422 3184 Ι

250 3216 436 3283 memoratis,
469 3233 536 3273 esse
566 3215 649 3273 illum
678 3217 813 3274 incertae
844 3218 953 3274 aetatis
977 3217 1158 3292 Aegyptium
1182 3215 1244 3272 sive
1268 3215 1395 3272 Atheni·

251 3333 365 3385 ensem,
398 3333 489 3390 quem
517 3327 548 3374 et
575 3317 672 3392 ipsum
694 3313 767 3392 περὶ
789 3311 936 3378 ἀπίστων
966 3325 1114 3375 tractasse
1137 3317 1253 3374 ibidem
1276 3316 1396 3376 dicitur.

253 3419 387 3478 Tantum
415 3427 528 3488 metuo,
565 3436 605 3476 ne
634 3417 744 3476 Suidas
766 3420 855 3477 nobis
885 3421 965 3477 duos
988 3419 1159 3477 confundat
1181 3416 1396 3492 Palaephatos,

254 3538 383 3595 quorum
411 3537 488 3578 unus
519 3519 573 3577 fuit
595 3521 770 3596 Aegyptius
808 3520 884 3576 alter
906 3519 1112 3600 Atheniensis,
1150 3537 1227 3577 unus
1249 3535 1398 3592 gramma·

255 3624 342 3690 tinus,
372 3622 449 3680 alter
477 3619 706 3697 philosophus.“
750 3619 797 3676 Ita
819 3619 946 3678 Vossius
971 3627 1093 3695 praeter
1121 3628 1266 3696 quattuor
1288 3618 1399 3676 Palae·

254 3723 368 3800 phatos
391 3740 409 3779 a
432 3722 526 3781 Suida
548 3729 802 3782 commemoratos
837 3723 977 3798 quintum
1006 3721 1103 3806 'etiam
1135 3721 1191 3778 sibi
1223 3719 1317 3794 tingit,
1352 3720 1400 3777 cui

253 3825 387 3882 libellum
409 3825 449 3880 de
472 3823 697 3881 incredibilibus
720 3823 914 3880 tribuendum
937 3840 1007 3880 esse
1027 3830 1144 3894 censet,
1167 3829 1198 3878 et
1221 3839 1313 3897 quem
1333 3821 1400 3896 phi·

258 3925 420 4002 losophum
442 3923 675 4000 peripateticum
697 3922 790 3981 fuisse
811 3941 848 3980 ex
869 3923 1006 3981 Theonis
1030 3923 1206 3980 testimonio
1229 3917 1400 4001 (progymn.

255 4045 281 4086 c.
303 4025 356 4087 VI.
378 4043 428 4102 pg.
451 4027 520 4085 221.
546 4027 584 4084 13
606 4023 700 4084 Walz.
725 4027 774 4085 96.
797 4019 825 4084 5.
849 4024 915 4100 Sp,)
944 4025 1045 4082 efficit.
1103 4024 1263 4098 Boettiger
1292 4021 1402 4094 (ldeen

256 4147 308 4186 zur
338 4127 628 4205 Kunstmythologie
661 4125 944 4203 Dresden·Leipzig
975 4127 1064 4187 1826.
1097 4125 1119 4184 Ι.
1142 4144 1192 4200 pg.
1219 4123 1292 4196 187)
1321 4124 1401 4181 hanc

255 4231 380 4307 protulit
413 4229 613 4288 sententiam:
653 4227 745 4298 „Was
777 4229 828 4285 wir
858 4237 946 4285 unter
968 4229 1084 4285 diesem
1106 4225 1225 4284 Namen
1246 4225 1328 4282 noch
1350 4226 1401 4284 be·

257 4333 363 4400 sinen,
398 4332 467 4389 sind
496 4329 855 4388 hochstwahrscheinlich
878 4326 1087 4387 Bruchstiicke
1112 4329 1197 4384 eines
1221 4327 1401 4386 Alexandri·

257 4432 386 4490 nischen
408 4419 646 4492 Grammatilrers
668 4431 724 4488 mit
746 4435 891 4508 spiteren
913 4431 1065 4488 Zusiitzen
1089 4428 1242 4486 verbramt
1263 4430 1328 4486 und
1350 4447 1401 4486 zu-
