2914 4980
716 263 872 326 ...20-

221 463 285 543 (pg.
309 463 369 538 19.)
401 473 500 542 putat,
536 481 615 540 quae
643 469 685 528 ad
707 469 840 527 eandem
868 481 1033 544 personam
1054 460 1217 538 pertinent,
1254 456 1372 518 eodem

221 567 322 642 capite
345 567 416 624 olim
439 568 602 626 coniuncta
625 571 746 644 fuerint,
780 563 878 646 (velut
900 585 946 638 ea,
970 582 1050 640 quae
1072 565 1112 622 de
1134 561 1276 620 Daedalo
1298 577 1371 616 nar·

223 677 326 725 rantur
357 667 438 729 sabb.
460 667 544 730 XIII.
575 680 606 728 et
627 669 736 743 XXII.)
769 671 817 728 vix
850 685 984 744 unquam
1016 685 1072 742 pro
1101 673 1185 723 certo
1208 660 1374 720 diiudicari

221 776 534 940 peterlQuaecunque
557 855 659 914 adhuc
680 855 792 931 protuli
821 855 862 911 de
884 853 982 910 forma
1006 851 1096 909 libelli
1128 846 1200 924 περὶ
1222 843 1374 910 ἀπίστων

222 954 366 1030 inscripti,
398 956 470 1013 ideo
499 957 725 1031 praemittenda
746 955 819 1013 mihi
841 955 908 1012 visa·
931 961 1011 1026 sunt,
1045 961 1079 1010 ut
1100 957 1258 1028 appareat,
1279 965 1373 1024 quam

224 1055 338 1112 lubrico
372 1065 465 1131 atque
501 1051 616 1116 incerto
651 1059 850 1116 fundameuto
877 1056 1018 1126 nitamur,
1056 1072 1123 1112 cum
1145 1053 1176 1110 in
1199 1067 1372 1110 sermonem

224 1155 465 1233 Palaephateum
485 1159 654 1235 inquisituri
677 1175 789 1218 sumus.
839 1157 910 1214 Non
932 1157 1032 1230 agitur
1053 1154 1113 1212 hac
1134 1155 1166 1210 in
1188 1151 1371 1228 quaestione

225 1259 265 1315 de
299 1277 392 1335 opere
425 1259 543 1334 integro
571 1279 607 1318 ac
631 1260 741 1337 solido,
779 1260 836 1316 sed
857 1260 898 1316 de
919 1255 994 1314 libro
1017 1255 1165 1328 mutilato,
1199 1257 1372 1328 decurtat0‚

225 1370 379 1436 excerpto.
436 1363 594 1435 Augentur
616 1361 823 1438 difficultates,
857 1359 883 1416 si
914 1358 1090 1432 respicimus
1117 1375 1158 1412 ne
1181 1354 1372 1429 singulorum

224 1463 348 1539 quidem
370 1463 506 1520 locorum
529 1464 693 1538 scripturas
716 1463 747 1519 in
770 1462 926 1518 codicibus
951 1459 1123 1518 convenire.
1179 1457 1286 1532 Itaque
1308 1471 1374 1511 non

225 1580 350 1640 possum
382 1581 444 1620 non
477 1565 569 1620 verba
598 1564 699 1622 facere
729 1565 768 1620 de
792 1561 968 1637 Palaephati
990 1560 1158 1627 codIcibuS‚
1195 1559 1374 1634 priusquam

227 1665 268 1722 ad
290 1681 461 1721 sermonem
495 1665 716 1740 verborumque
752 1683 837 1721 usum
866 1664 955 1720 huius
978 1662 1110 1719 auctoris
1132 1658 1374 1718 examinandum

227 1774 389 1834 transeam,
410 1767 590 1840 praesertim
612 1785 697 1835 cum,
712 1783 790 1840 quae
810 1767 887 1822 iuter
909 1765 1044 1839 singulos
1060 1763 1185 1820 codices
1200 1761 1375 1818 intercedat

227 1868 315 1935 rati0‚
339 1865 441 1924 adhuc
463 1884 525 1924 nou
549 1867 621 1924 satis
644 1868 838 1942 perspicuum
858 1867 903 1926 sit.

710 2253 831 2328 Caput
845 2253 888 2312 11.

330 2453 478 2512 Codicum
509 2454 783 2530 Palaephateorum
811 2458 889 2514 duas
911 2457 1024 2513 classes
1046 2473 1116 2514 esse
1140 2451 1376 2527 distinguendas

231 2557 292 2612 iam
314 2557 432 2630 pridem
456 2557 610 2631 cognitum
633 2565 695 2628 est;
720 2557 842 2614 alterius
862 2557 966 2614 classis
983 2558 1106 2615 codices
1126 2555 1285 2612 continent
1300 2568 1378 2608 non-

231 2657 329 2714 nullas
353 2656 470 2714 fabulas
494 2666 601 2732 quarta
616 2658 662 2714 vel
677 2659 766 2714 tertia
787 2667 874 2733 parte
898 2659 1059 2733 ampIIores
1078 2674 1169 2733 quam
1192 2655 1286 2713 ceteri
1310 2649 1377 2726 (cir.

232 2756 390 2817 Westerm.
425 2757 520 2832 praef.
540 2777 589 2833 pg.
614 2753 723 2834 XIV.).
769 2757 951 2834 Quicunque
975 2759 1078 2817 adhuc
1100 2758 1282 2814 exstiterunt
1306 2771 1378 2810 auc·

232 2869 324 2936 toreS,
347 2878 454 2918 omnes
464 2860 615 2934 pleniores
632 2861 757 2916 codices
774 2869 808 2917 ut
819 2861 1020 2936 interpolatos
1037 2860 1215 2917 reiecerunt.
1242 2856 1377 2913 Wester-

232 2979 324 3018 mann
346 2961 377 3018 in
400 2962 536 3018 editione
559 2978 623 3032 sua,
652 2978 837 3036 quamquam
859 2962 1012 3019 breviores
1035 2961 1228 3036 potiSSImum
1251 2959 1376 3015 codices

235 3069 354 3120 secutus
378 3071 433 3134 est,
457 3071 562 3119 tamen
583 3061 633 3118 hie
655 3062 715 3119 illic
736 3062 859 3119 alterius
883 3063 988 3120 classis
1011 3063 1158 3119 lectiones
1181 3059 1329 3118 adhibuit.

334 3162 424 3234 Quae
457 3165 559 3238 opInio
594 3181 686 3240 quam
714 3181 858 3239 perversa
884 3173 975 3239 esset,
1013 3166 1126 3221 eodem
1154 3163 1218 3220 fere
1241 3176 1378 3235 tempore

235 3263 371 3322 Frbhner
406 3265 437 3320 ln
468 3262 572 3322 Philol.
599 3265 701 3339 Suppl.
723 3262 760 3325 V.
784 3283 833 3340 pg.
857 3266 905 3325 34.
928 3282 994 3342 sqq.
1021 3275 1052 3323 et
1074 3264 1196 3338 Boysen
1217 3264 1248 3319 in
1272 3261 1379 3318 Philol.

234 3367 294 3424 vol.
316 3363 415 3423 XLII.
437 3365 650 3438 probaverunt.
704 3366 797 3424 Festa
831 3367 861 3423 in
884 3367 984 3424 libello
1008 3384 1064 3425 suo
1086 3361 1147 3442 (pg.
1166 3360 1282 3440 9—15)
1306 3365 1379 3420 satis

235 3485 378 3542 magnam
412 3468 619 3542 exemplorum
651 3471 769 3544 copiam
796 3471 958 3545 congessit,
993 3488 1010 3526 e
1039 3471 1147 3546 quibus
1170 3467 1304 3525 dilucide
1328 3485 1380 3540 ap·

236 3577 325 3644 paret
347 3569 511 3644 ampliores
535 3571 659 3628 codices
691 3573 772 3628 adeo
794 3589 858 3629 non
880 3571 1080 3646 interpolatos
1103 3589 1182 3642 esse,
1219 3577 1381 3626 utcontra

181 3745 183 3754 ,
235 3669 391 3727 breviores
419 3671 543 3729 codices
579 3672 695 3729 exiliis
718 3674 872 3730 derivatos
896 3689 972 3740 esse,
1000 3681 1033 3729 et
1055 3691 1101 3750 ea,
1128 3689 1207 3747 quae
1231 3671 1263 3726 in
1285 3668 1382 3726 brevi·

240 3771 341 3828 oribus
364 3771 445 3828 libris
469 3772 591 3840 desunt,
616 3773 657 3831 ad
679 3774 791 3830 iustum
814 3789 938 3829 sensum
961 3772 1153 3830 efficiendum
1175 3772 1305 3828 maxime
1328 3787 1381 3826 ne·

238 3873 371 3929 cessaria
407 3890 477 3930 esse
511 3874 711 3931 iudicandum
744 3875 791 3933 sit.
848 3873 1003 3948 Exemplis
1027 3890 1045 3929 a
1067 3873 1161 3930 Festa
1187 3872 1284 3929 allatis
1309 3869 1382 3927 addi

237 3982 367 4048 possunt
389 3975 452 4030 duo
475 3974 534 4030 loci
555 3992 605 4049 pg.
630 3976 698 4032 279.
717 3975 744 4033 4.
768 3992 833 4049 sqq.
857 3984 887 4032 et
906 3993 956 4050 pg.
973 3975 1043 4034 301.
1061 3977 1088 4034 6.
1104 3992 1170 4049 sqq.
1214 3973 1268 4031 Sat
1281 3971 1382 4028 multis

238 4073 312 4131 locis
335 4075 516 4149 ampliorum
539 4077 679 4132 codIcum
702 4075 858 4152 lectiones,
881 4095 961 4152 quae
983 4078 1015 4134 in
1036 4076 1221 4134 brevioribus
1243 4093 1306 4132 non
1329 4093 1378 4132 ex·

240 4182 332 4250 stant,
357 4175 429 4248 ipsis
451 4176 630 4250 corruptelis
655 4184 687 4232 et
709 4176 945 4234 obscuritatibus
973 4177 1214 4253 interpolationis
1236 4178 1383 4252 suspicio·

239 4292 310 4332 nem
331 4283 490 4332 removent
516 4271 622 4351 (Festa
644 4270 782 4354 pg.14.).
837 4277 926 4350 Quae
958 4297 1025 4336 cum
1062 4279 1104 4335 ita
1126 4279 1195 4352 sint,
1230 4279 1382 4335 breviores

241 4375 365 4434 codices
398 4377 507 4433 librum
536 4377 634 4452 magis
663 4387 840 4454 excerptum
867 4381 1012 4456 praebere
1035 4398 1126 4457 quam
1150 4379 1301 4456 pleniores
1324 4389 1382 4439 sta·
