2914 4980
589 321 729 382 ..55-

93 506 236 567 nendam.
290 506 417 565 Thaliae
440 506 516 564 filius
539 507 710 582 appellatur
732 507 769 562 ab
796 507 986 582 Apollodoro
1010 499 1055 583 (in
1075 503 1171 564 schol.
1194 502 1235 560 ad

93 608 184 667 Rhes.
208 627 235 667 v.
251 609 334 675 347.)
359 616 391 664 et
413 607 443 664 in
466 606 559 665 schol.
584 607 624 664 ad
645 607 677 666 ll.
698 607 737 667 X.
759 609 829 666 435.
854 604 1235 682 (pg.295.13ekk.;1.pg.

95 711 164 768 364.
185 707 305 784 Dian),
342 726 476 784 quocum
500 708 568 764 loco
603 709 756 765 consentit
786 707 964 765 Eustathius
998 703 1042 780 (in
1067 707 1101 762 Il.
1125 706 1161 764 X.
1185 723 1237 781 pg.

93 811 162 868 817.
187 804 249 886 30).
294 809 344 866 De
369 809 558 883 Apollodoro
582 808 658 866 infra
681 809 835 866 locuturus
860 826 936 866 sum.

193 908 271 966 Cum
294 912 372 968 deae
395 909 471 966 filius
500 919 531 966 et
560 911 610 966 dei
633 911 752 967 dicatur
774 910 986 986 Palaephatus
1018 917 1146 984 apparet
1168 926 1237 964 eum

94 1011 373 1086 antiquissimorum
397 1020 566 1086 temporum
590 1011 762 1068 hominibus
786 1012 1019 1067 adnumeratum
1042 1027 1120 1068 esse.
1151 1010 1238 1066 Idem

94 1111 342 1170 concludendum
376 1121 423 1169 est
455 1131 493 1169 ex
528 1112 641 1169 Suidae
675 1113 773 1168 verbis
796 1109 940 1184 γεγονὼς
964 1108 1045 1171 κατὰ
1068 1108 1125 1186 μέν
1147 1127 1241 1184 τινας

93 1209 174 1272 κατὰ
209 1209 393 1287 Φημονόην,
425 1211 506 1272 κατὰ
539 1211 575 1272 δὲ
607 1207 727 1285 ἄλλους
750 1209 801 1272 καὶ
822 1209 885 1287 πρὸ
909 1208 1017 1285 αὐτῆς.
1060 1213 1237 1270 Phemonoe

92 1310 159 1389 (cfr.
184 1313 327 1373 Strabon.
351 1314 402 1374 lX.
427 1317 453 1374 3.
477 1319 495 1374 5
518 1332 567 1390 pg.
591 1317 668 1384 4193
690 1315 818 1372 Plinium
844 1313 881 1371 N.
904 1313 943 1372 H.
967 1313 1005 1374 X.
1030 1315 1058 1372 3.
1082 1315 1136 1388 373
1160 1312 1239 1368 Pau-

95 1432 162 1474 san.
187 1415 224 1474 X.
246 1418 273 1475 5.
296 1410 326 1490 7)
360 1415 456 1490 prima
479 1416 627 1489 Apollinis
650 1414 747 1488 Pythii
781 1417 927 1473 sacerdos
961 1413 1052 1470 fuisse
1086 1422 1118 1470 et
1144 1413 1239 1470 hexa-

93 1523 226 1572 metrum
249 1533 380 1583 versum,
403 1517 503 1572 multis
526 1516 666 1572 nimirum
688 1517 775 1572 annis
798 1524 870 1572 ante
892 1515 1070 1591 Homerum,
1085 1515 1238 1572 invenisse

94 1613 260 1674 dicebatur.
306 1613 400 1686 Quod
422 1615 601 1692 Palaephati
633 1626 719 1674 aetas
753 1635 791 1674 ex
810 1617 1005 1675 Phemonoes
1035 1624 1138 1673 aetate
1162 1615 1238 1673 defi-

93 1715 183 1789 nitur,
223 1732 259 1772 ex
291 1733 328 1774 eo
353 1716 601 1773 concludendum
631 1726 677 1774 est
704 1735 774 1774 eum
797 1725 895 1774 vatem
919 1718 1077 1792 antiquum
1100 1725 1239 1791 putatum

93 1833 173 1882 esse,
210 1817 251 1872 ad
284 1835 377 1892 quam
411 1817 588 1892 opinionem
618 1818 810 1876 efficiendam
834 1811 1037 1875 Homericam
1051 1818 1241 1875 locutionem

92 1912 283 1992 παλαίφατα
306 1914 455 1992 θέσφατα
489 1919 616 1974 multum
639 1919 767 1976 valuisse
790 1919 881 1975 Festa
911 1919 971 1994 (pg.
995 1920 1044 1977 32.
1070 1917 1122 1994 33)
1156 1929 1241 1977 recte

95 2017 268 2092 suspicatus
291 2035 362 2074 esse
383 2019 456 2074 mihi
478 2020 605 2079 videtur.

194 2117 335 2174 Eandem
360 2118 540 2193 Palaephati
573 2129 712 2178 naturam
746 2121 838 2176 etiarn
861 2139 879 2177 e
902 2121 1090 2195 parentibus,
1129 2123 1180 2196 qui
1211 2123 1239 2179 ei

94 2218 276 2286 tribuuntur,
301 2237 490 2294 cognoscere
514 2237 684 2295 possumus,
741 2221 838 2289 Boeo,
861 2221 945 2278 cuius
968 2221 1046 2278 filius
1070 2225 1240 2294 dicebatur,

92 2321 161 2394 ipsa
182 2337 307 2396 quoque
329 2322 546 2396 antiquissimis
576 2322 763 2396 temporibus
786 2321 896 2378 vixisse
925 2331 956 2378 et
979 2325 1113 2381 carmine
1136 2342 1240 2382 sacro·

91 2438 160 2479 rum
184 2420 403 2494 Delphicorum
435 2423 655 2479 institutionem
692 2423 891 2496 descripsisse
925 2423 1154 2482 existimabatur
1175 2423 1239 2501 (cfr.

91 2521 168 2578 Plin.
192 2523 209 2581 l.
233 2541 275 2599 c.;
301 2523 389 2581 Paus.
414 2524 431 2584 l.
453 2543 495 2600 c.;
519 2523 648 2598 Etymol.
672 2523 713 2583 Nl.
737 2541 760 2580 s.
784 2543 809 2582 v.
833 2517 961 2599 ἔλεγος)
982 2518 1003 2600 ).
1102 2528 1106 2537 “

192 2623 328 2680 Fuerunt
356 2641 480 2700 quoque
503 2643 564 2685 sec.
591 2625 726 2700 Suidam‚
760 2625 811 2698 qui
834 2624 1053 2699 Palaephatum
1074 2611 1235 2702 Ἰοκλέους

91 2723 188 2780 filium
221 2725 419 2800 appellarent.
464 2726 614 2798 Quisnam
646 2725 694 2782 hic
726 2725 816 2782 fuerit
848 2725 958 2794 locles,
987 2727 1163 2800 priusquam
1192 2727 1239 2783 in-

91 2825 219 2898 quiram,
252 2827 293 2882 de
325 2827 455 2884 nominis
487 2827 583 2884 forma
605 2845 704 2901 pauca
727 2828 836 2884 dicam.
892 2825 1040 2884 Omnibus
1068 2827 1130 2884 lere
1153 2827 1238 2896 locis,

90 2927 147 2983 ubi
169 2927 230 2984 hoc
251 2945 365 2984 nomen
386 2928 475 2984 nobis
497 2928 638 2993 occurrit,
663 2933 716 2982 aut
738 2927 861 2984 codices
883 2927 914 2982 in
937 2927 1098 2984 scribendo
1122 2929 1238 2985 discre-

94 3036 183 3102 pant,
206 3035 258 3086 aut
280 3030 415 3085 editores
432 3046 449 3084 a
465 3029 608 3086 codicum
631 3029 776 3102 scriptura
800 3029 994 3101 recedunt2).
1017 3028 1088 3084 Mea
1111 3029 1236 3101 quidem

91 3129 247 3186 sententia
279 3114 400 3204 Ἰοκλῆς
434 3149 497 3186 non
532 3139 594 3187 tam
622 3129 793 3206 corruptela
816 3137 862 3185 est
892 3123 1008 3202 Οἰκλῆς
1030 3129 1170 3215 nominis,
1206 3139 1239 3186 ut

91 3237 183 3304 putat
196 3228 337 3303 Dindorf,
362 3233 419 3288 sed
439 3231 497 3289 alia
520 3231 660 3287 eiusdem
681 3229 812 3286 nominis
834 3229 940 3287 forma.

196 3331 267 3388 stne
301 3317 394 3390 ‹tubio'
421 3331 571 3389 notatas
605 3331 650 3386 vat
677 3331 783 3398 tactas,
821 3331 904 3386 cutus
938 3329 1015 3386 filius
1038 3328 1239 3406 Palaephatus

91 3433 188 3490 fuisse
220 3433 390 3502 dicebatur,
427 3440 514 3506 pater
542 3431 598 3488 fuit
628 3430 819 3508 Amphiarai3
856 3429 908 3488 cfr.
932 3429 1043 3505 Odyss
1066 3448 1084 3488 o
1109 3432 1168 3490 243
1192 3449 1236 3506 sq.

192 3674 218 3739 1)
238 3675 288 3726 Cui
306 3674 421 3740 poetriae
432 3701 465 3710 -
476 3674 499 3722 si
510 3673 699 3723 Philochorum
712 3675 841 3740 audimus,
861 3681 940 3739 poeta
959 3675 1009 3723 fuit
1019 3675 1106 3723 Boeus
1115 3701 1146 3710 -
1155 3674 1237 3725 Athe-

89 3777 172 3812 naeus
191 3763 243 3814 IX.
262 3780 303 3828 pg.
322 3762 375 3816 393
392 3763 424 3814 E.
454 3778 521 3826 opus
541 3760 719 3827 ὁρνιθογονία
738 3763 893 3828 inscriptum
912 3762 991 3811 tribui
1009 3769 1126 3822 testatur,
1158 3779 1236 3828 quem

90 3851 192 3899 librum
210 3851 451 3901 Alexandrinorum
471 3851 633 3915 temporibus
651 3851 737 3900 fictum
756 3849 882 3918 (Knaack
895 3851 1025 3900 Analecta
1043 3849 1238 3900 Alexandrino-

88 3939 214 3987 Romana
241 3939 305 3991 diss.
326 3939 425 4005 Gryph.
446 3939 516 3992 1880
544 3955 586 4004 pg.
607 3938 623 3990 2
643 3939 712 4006 sqq.)
740 3939 893 3988 Antoninus
913 3939 1043 3988 Liberalis
1070 3940 1174 4004 saepius
1194 3941 1239 3988 ad-

88 4025 190 4078 hibuit.
712 4043 714 4048 ’

192 4111 221 4180 2)
242 4114 326 4165 Schol.
347 4117 380 4164 ad
391 4115 441 4166 Od.
453 4117 506 4166 XI.
519 4114 579 4182 326,
599 4117 646 4165 ubi
665 4116 743 4167 codd.
763 4116 862 4166 habent
877 4111 1022 4183 Ἰοκλέους,
1043 4117 1158 4167 editores
1178 4117 1238 4166 scri-

89 4205 158 4252 bunt
177 4200 318 4270 Οἰκλέους,
336 4205 398 4252 item
417 4205 444 4253 in
464 4205 555 4270 Eurip.
575 4203 666 4270 Suppl.
685 4222 709 4256 v.
729 4203 790 4271 925,
814 4205 926 4255 Diodor.
939 4205 986 4255 IV.
1000 4204 1042 4256 68.
1057 4204 1082 4270 5,
1105 4205 1133 4253 in
1153 4205 1237 4258 schol.

89 4290 125 4339 ad
144 4289 246 4340 Phoen.
275 4308 298 4342 v.
320 4291 371 4344 133
389 4298 414 4342 et
440 4291 491 4344 173
519 4291 578 4359 (ubi
602 4293 629 4341 in
657 4293 754 4358 optimo
780 4293 871 4344 codice
894 4293 1031 4342 Marciano
1058 4291 1183 4356 ἰοκλέους
1201 4296 1237 4344 le·

89 4378 190 4445 gitur);
225 4379 269 4430 cfr.
300 4395 365 4444 quae
397 4380 462 4429 dicit
492 4381 608 4430 Dindorf
635 4381 667 4429 ad
700 4381 781 4446 Soph.
815 4382 862 4443 srg.
891 4379 943 4433 415
954 4381 980 4432 b.
999 4383 1026 4430 in
1057 4383 1118 4434 edit.
1139 4379 1236 4434 Οαοῐι.3

90 4481 136 4536 pg.
150 4465 193 4520 95.
