2914 4980
584 321 723 384 -33-

85 500 225 577 280.10;
251 503 393 578 280.18;
432 506 549 574 283.1;
586 507 704 578 284.1;
742 506 881 579 284.20;
918 503 1227 582 287.20;288.12;

86 608 154 666 290.
177 609 228 680 13;
252 608 321 665 292.
338 607 372 672 8;
397 607 538 680 305.11;
561 608 631 668 307.
648 599 691 681 6).

184 707 287 764 Etiam
309 707 503 764 existimandi
527 708 619 764 verba
640 725 708 763 cum
731 703 777 780 ὡς
798 709 964 766 coniuncta
986 710 1152 783 reperimus
1175 729 1225 786 pg.

87 810 154 868 283.
180 810 231 881 15;
257 810 325 866 306.
349 809 385 865 13
408 803 607 880 ἐπείσθησαν
630 804 773 884 (RPDM‚
796 809 876 882 vulg.
900 804 1061 886 ἐνόμιζον)
1084 806 1130 885 ὡς
1153 806 1227 884 ἕψει

86 907 163 982 τοὺς
185 905 387 984 ἀνθρώπους.

183 1010 342 1068 Nonnullis
380 1011 453 1066 locis
485 1012 516 1067 in
549 1012 714 1068 enuntiatis
740 1012 886 1068 iterativis
908 1013 1035 1085 legimus
1059 1009 1226 1072 ἐπειδὰν

87 1113 143 1169 vel
166 1107 208 1187 ὅς
232 1107 280 1171 ἄν
302 1130 381 1168 cum
404 1111 616 1170 indicativo
639 1112 845 1187 coniunctum,
882 1113 932 1170 ubi
955 1113 993 1168 eri
1017 1115 1152 1170 omnium
1175 1131 1227 1170 co·

85 1216 185 1271 dicum
221 1230 374 1270 consensu
411 1213 442 1268 in
475 1213 595 1286 integro
632 1229 756 1286 quoque
785 1230 878 1287 opere
899 1212 941 1269 sic
964 1213 1110 1288 scriptum
1131 1213 1226 1270 fuisse

85 1315 329 1372 concludendum
362 1321 408 1370 est
441 1331 491 1387 pg.
527 1314 597 1372 290.
628 1313 645 1369 8
683 1309 734 1372 καί
770 1309 907 1387 κομίζων
942 1310 1002 1388 οὓς
1035 1310 1075 1374 ἂν
1109 1309 1228 1387 ἤθελον

86 1410 214 1492 (ἤθελεν
233 1413 297 1470 DM
317 1433 361 1490 pr.
377 1411 432 1486 m.)
457 1410 599 1488 Γλαῦκος
622 1410 793 1489 θαλάττιος
816 1410 947 1488 ἐκλήθη;
972 1416 1076 1476 298.8
1100 1411 1229 1476 ἐπειδὰν

87 1511 128 1589 μὴ
151 1510 224 1583 (om.
248 1512 287 1587 R)
310 1514 464 1590 παρεῖχον
486 1512 525 1574 τὰ
546 1511 702 1589 χρήματα.
761 1516 905 1572 Fortasse
929 1517 1022 1572 etiarn
1044 1535 1093 1591 pg.
1117 1519 1187 1575 277.
1212 1519 1228 1576 3

87 1614 283 1672 scribendum
305 1625 352 1672 est
374 1611 413 1675 ὃν
441 1611 511 1675 δ’ἂν
534 1610 608 1689 εὗρε
631 1613 846 1676 διαλύσασθαι
869 1613 909 1690 μὴ
935 1613 1125 1692 δυνάμενον,
1158 1619 1229 1679 τοῦ·

86 1731 145 1775 τον
169 1711 288 1795 ἀνῄρει,
313 1734 403 1790 quam
426 1717 605 1791 scripturam
628 1718 656 1774 R
679 1717 760 1774 solus
783 1718 920 1792 praebet.

190 1815 251 1886 Qui
281 1819 366 1892 apud
401 1819 533 1893 optimos
567 1819 730 1893 scriptores
765 1820 953 1893 reperiuntur
989 1819 1139 1894 eiusmodi
1174 1819 1231 1876 loci

89 1935 198 1974 omnes
220 1920 329 1993 partim
345 1939 363 1976 e
387 1920 545 1978 codicibus
566 1921 677 1994 partim
699 1920 852 1978 lenissima
875 1922 1041 1996 scripturae
1063 1922 1232 1978 mutatione

90 2019 221 2076 correcti
243 2029 315 2077 sunt
336 2015 399 2096 (cir.
420 2022 588 2081 Hermann.
612 2024 655 2079 ad
667 2021 736 2097 Vig.
759 2041 809 2098 pg.
823 2025 893 2090 82θ;
922 2022 1070 2080 Matthiae
1087 2022 1231 2091 113521.

88 2139 140 2196 pg,
167 2123 262 2190 1197;
300 2122 428 2179 Kiihner
450 2124 481 2182 11
509 2121 616 2198 §398
640 2125 657 2180 2
679 2125 750 2182 adn.
775 2127 790 2182 1
815 2143 865 2199 pg.
889 2127 964 2198 205;
992 2121 1101 2198 §ultr
1126 2124 1231 2182 adn.5

88 2242 138 2298 pg.
152 2221 235 2296 978).
280 2225 371 2299 Apud
394 2225 588 2281 Aristotelem
610 2242 641 2285 rr.
664 2221 705 2283 τὰ
727 2224 793 2286 Ζῶα
815 2220 876 2283 ἱστ.
897 2243 946 2298 pg.
962 2227 1037 2282 585ει
1054 2227 1091 2282 12
1114 2225 1143 2281 in
1158 2224 1231 2282 edit.

88 2325 187 2382 Acad.
222 2324 322 2383 Berol.
356 2325 495 2401 legimus:
533 2323 591 2386 ἐὰν
627 2322 753 2401 δ’ἐγγὺς
776 2321 795 2398 ἡ
819 2322 980 2401 σύλληψις
1017 2323 1156 2403 ἐγένετο,
1192 2323 1230 2386 τὸ

87 2421 258 2499 ἐπικυηθὲν
295 2423 468 2499 ἐξήνεγκαν
506 2421 571 2503 (ubi
608 2426 737 2484 fortasse
775 2423 904 2498 ἐγένετο
931 2429 1023 2485 verbo
1051 2429 1081 2484 in
1103 2423 1230 2498 γένοιτο

86 2534 209 2583 mutato
241 2526 403 2585 difficultas
436 2527 499 2584 tolli
531 2524 662 2602 potest);
701 2529 785 2602 apud
817 2527 1005 2586 Dinarchum
1034 2545 1058 2586 e.
1086 2527 1189 2586 Philol.
1213 2530 1230 2583 2

87 2622 149 2686 ἐὰν
173 2621 288 2702 εἴληφέ
322 2645 351 2687 τι
382 2628 447 2687 τῶν
479 2623 651 2703 χρημάτων
678 2646 732 2704 pro
756 2624 870 2703 εἴληφε
894 2627 988 2687 Beklr.
1015 2627 1121 2688 Thalh.
1146 2627 1231 2684 Blass

86 2728 275 2802 scripserunt
297 2723 411 2810 εἰλήφῃ
436 2725 587 2800 (Winer§
612 2733 659 2788 tl.
681 2747 733 2804 pg.
757 2731 827 2788 277.
852 2731 921 2787 adn.
947 2731 964 2785 2
995 2723 1110 2803 εἴληφε
1134 2728 1231 2784 teneri

87 2845 184 2902 posse
205 2827 312 2904 putat).

192 2927 283 2987 Certa
308 2929 396 2987 huius
421 2948 492 2988 usus
511 2932 650 3006 exempla
673 2933 757 3005 apud
781 2931 939 3004 Polybium
960 2930 1158 3003 reperiuntur.
1182 2927 1232 2988 lV.

88 3030 141 3086 32.
166 3032 184 3088 5
208 3024 287 3090 ὅταν
310 3027 366 3103 μὲν
390 3025 479 3091 οὗτοι
501 3029 536 3092 ἑν
559 3031 795 3107 περισπασμοῐς
816 3026 913 3107 ἦσαν,
943 3027 1068 3102 ἐγίνετο
1095 3027 1132 3088 τὸ
1159 3025 1234 3089 δέον

89 3126 204 3206 αὐτοῖς
221 3174 321 3193 .....
345 3127 423 3192 ὅταν
445 3126 679 3206 δ’ἐτράπησαν.
694 3179 699 3191 .
717 3179 722 3191 .
741 3180 746 3192 .
764 3153 785 3204 .;
808 3131 894 3190 ΧΙΙΙ.
918 3135 945 3192 7.
973 3135 1010 3189 ιθ
1025 3127 1113 3190 ιὅταν
1137 3147 1234 3205 προς-

87 3227 202 3305 ήρεισε
217 3231 286 3307 ταῖς
301 3230 394 3307 χερσί
408 3229 489 3308 πρὸς
502 3230 542 3292 τὰ
555 3234 643 3294 νῶτα
658 3233 716 3308 τῆς
730 3228 882 3307 γυναικός
894 3279 984 3292 .....
997 3229 1154 3306 ἠνάγκαζε
1168 3277 1174 3288 .
1189 3275 1213 3290 ..
1227 3277 1233 3290 .

89 3327 148 3408 (ita
171 3333 303 3390 Hultsch
326 3335 450 3391 codices
473 3343 605 3402 secutus,
639 3353 709 3391 cum
744 3334 793 3391 alii
826 3335 1004 3408 particulam
1031 3333 1235 3408 copulativam

89 3436 305 3492 desiderantes
325 3430 385 3495 οὖν
407 3437 543 3492 inserant
567 3443 598 3491 et
613 3444 665 3492 aut
682 3430 761 3494 ὅταν
783 3429 843 3494 οὖν
866 3444 917 3492 aut
937 3430 985 3494 ὅτ’
1001 3430 1059 3495 οὖν
1081 3430 1234 3508 scribant).

89 3535 142 3592 De
164 3535 210 3593 his
235 3538 307 3611 locis
330 3537 504 3611 Polybianis
529 3539 591 3612 egit
614 3537 659 3596 10.
684 3537 767 3594 Stich
790 3527 845 3614 (de
862 3536 964 3611 Polyb.
989 3537 1046 3595 dic.
1069 3553 1181 3610 genere
1205 3536 1235 3591 in

90 3641 163 3696 Act.
187 3637 266 3698 Sem.
290 3637 364 3698 Phil.
389 3637 509 3712 E'rlang.
537 3640 573 3698 ll.
597 3657 646 3713 pg.
672 3640 752 3707 202).
797 3638 902 3694 Tertio
925 3638 1040 3714 Polybii
1061 3638 1128 3694 loco
1152 3636 1235 3696 Xlll.

91 3742 120 3798 7.
145 3739 174 3810 8,
211 3757 280 3797 cum
316 3750 422 3816 aperte
459 3749 618 3815 corruptus
656 3741 702 3807 sit,
741 3741 881 3814 exemplo
910 3741 954 3796 uti
988 3758 1051 3796 non
1073 3755 1236 3814 possumus

91 3839 281 3915 Saepissime
314 3843 346 3898 in
378 3860 490 3916 graeca
525 3844 663 3899 versione
697 3843 805 3899 veteris
828 3841 1020 3898 Testamenti
1048 3841 1132 3897 etin
1155 3857 1236 3896 novo

96 3941 307 4018 Testamento¹
338 3944 488 4000 eiusmodi
524 3944 663 4019 exempla
700 3943 848 4016 leguntur,
882 3960 961 4016 quae
994 3942 1116 4016 collegit
1137 3940 1239 3998 Winer

93 4038 113 4119 ξ
146 4044 194 4102 42.
221 4045 238 4101 3
262 4063 311 4118 pg.
337 4045 414 4119 28ί;
435 4041 549 4117 §425
572 4063 622 4120 pg.
647 4045 721 4114 2903
745 4043 796 4100 cfr.
822 4061 848 4102 e.
871 4061 899 4117 g.
924 4047 950 4104 1.
974 4044 1036 4102 loh.
1061 4043 1096 4102 V.
1122 4046 1157 4100 15
1180 4038 1237 4102 ἐὰν

89 4139 247 4218 οἴδαμεν;
271 4145 364 4205 Marc.
390 4145 441 4204 111.
468 4150 515 4205 11.
539 4142 578 4204 τὰ
600 4141 766 4218 πνεύματα
778 4187 864 4204 .....
889 4140 967 4204 ὅταν
983 4139 1081 4203 αὐτὸν
1097 4139 1237 4218 ἐθεώρει,

89 4243 302 4321 προςέπιπτε.

196 4345 290 4422 μετὰ
313 4348 355 4409 δὲ
378 4349 590 4406 adverbialiter
613 4355 791 4422 usurpatum
811 4355 911 4404 exstat
932 4364 983 4421 pg.
1000 4348 1122 4404 277.12
1146 4345 1235 4420 βασι·

89 4445 186 4511 λείαν
215 4446 388 4526 παρέλαβε,
413 4449 492 4524 μετὰ
524 4447 560 4510 δὲ
592 4445 643 4509 καὶ
676 4443 716 4526 (R
745 4466 822 4505 unus
846 4449 940 4506 habet
966 4443 1044 4522 μετὰ
1067 4446 1162 4506 τοῦτο
1185 4443 1235 4526 bl.)
