2914 4980
519 305 733 366 ...17-

85 486 221 565 laephati
257 489 355 548 verbis
387 486 427 563 (e.
444 482 518 566 Vll)
555 487 693 550 καλοῦσι
725 484 762 549 δὲ
795 481 826 549 οἱ
849 483 983 565 Θηβαῖοι
1005 485 1064 563 τὴν
1094 483 1229 565 ἐνέδραν

85 584 221 664 αἴνιγμα.
278 590 341 648 Sed
365 591 494 647 Tzetzes
523 590 614 648 aliam
637 607 760 665 quoque
782 590 986 647 narrationem
1009 590 1059 647 illo
1082 592 1153 648 loco
1174 592 1229 650 ad-

84 690 220 748 hibuisse
233 690 352 748 videtur
364 691 544 748 simillimam
560 690 803 766 interpretationi
814 690 1034 750 Philochoreae
1050 693 1228 750 abEusebio

85 789 203 863 (chron.
228 793 287 850 623
306 786 372 868 (H.)
391 795 449 851 617
471 788 533 866 (A.)
557 793 591 850 ll.
613 809 663 868 pg.
689 793 738 851 36.
762 786 815 866 37)
842 800 987 851 servatae.
1032 791 1230 852 Philochorus

85 892 238 967 explicare
262 894 368 950 studet
401 893 534 950 fabulam
555 892 713 950 Theseum
743 893 782 950 ab
805 891 939 949 Hercule
969 911 1007 951 ex
1040 895 1143 952 inferis
1176 897 1228 952 ab·

85 994 212 1050 ductum
235 1011 313 1053 esse.
336 991 440 1066 (Quae
462 993 674 1069 interpretatio
697 1011 765 1050 cum
778 991 912 1050 Malalae
934 994 1013 1064 locO,
1037 1013 1098 1070 quo
1114 995 1230 1054 Thesei

83 1095 201 1152 mentio
223 1095 348 1154 omnino
370 1113 434 1154 non
457 1095 498 1170 fit,
521 1093 710 1152 conferenda
732 1110 795 1150 non
817 1091 889 1169 est.)

184 1195 232 1252 De
256 1196 391 1271 Sphinge
419 1197 512 1254 verba
534 1196 607 1252 facit
631 1195 761 1252 Malalas
786 1214 836 1272 pg.
859 1199 909 1254 40.
938 1215 963 1256 v.
991 1199 1038 1258 14.
1061 1215 1136 1274 sqq.,
1159 1216 1229 1255 cum

84 1298 127 1355 ad
149 1297 369 1372 Palaephatum
390 1292 431 1375 (c.
447 1296 525 1370 VII.)
548 1305 705 1374 provocet,
729 1297 814 1354 cuius
836 1297 1045 1372 interpretatio
1070 1317 1137 1356 cum
1161 1298 1229 1356 Ma·

84 1399 163 1455 lalae
186 1398 289 1456 fabula
312 1415 480 1472 congruere
503 1415 566 1454 non
591 1398 720 1457 videtur.
777 1397 852 1456 Cum
875 1398 1007 1456 Malalae
1028 1400 1126 1458 verbis
1155 1417 1228 1458 con·

84 1500 220 1558 sentiunt
242 1517 290 1568 ea,
313 1517 392 1574 quae
414 1515 584 1575 provocans
606 1500 726 1574 etipse
749 1501 790 1556 ad
812 1499 1033 1575 Palaephatum
1049 1500 1228 1558 Eustathius

83 1596 148 1678 (ad.
173 1598 233 1662 Od.
257 1601 310 1660 Xl.
331 1619 382 1676 pg.
407 1601 496 1659 1684.
521 1603 568 1660 21.
592 1601 672 1675 sqq.)
693 1600 817 1676 profert,
853 1618 944 1675 quem
966 1619 1068 1658 veram
1091 1611 1123 1658 et
1151 1603 1229 1659 inte·

84 1720 170 1777 gram
192 1720 316 1778 quoque
346 1701 524 1778 Palaephnti
546 1702 680 1760 fabulam
713 1703 835 1759 novisse
857 1719 894 1758 ex
915 1703 974 1760 alio
997 1703 1066 1759 loco
1090 1703 1145 1775 (ad
1168 1702 1227 1766 Od.

84 1803 170 1864 XIV.
192 1805 351 1879 pg.1769.
377 1805 403 1862 9.
427 1797 506 1878 sqq.)
529 1811 664 1879 apparet,
687 1803 738 1859 ubi
762 1802 850 1861 dicit:
875 1799 926 1862 καὶ
952 1797 1034 1876 ἴσως
1057 1799 1109 1862 διὰ
1131 1803 1228 1864 τοῦτο

85 1899 221 1979 Θηβαῖοι
246 1900 304 1963 τὸν
332 1899 432 1978 λόχον
462 1897 591 1977 αἴνιγμα
618 1898 742 1974 ἔλεγον,
771 1899 817 1977 ὡς
844 1902 937 1976 δηλοῖ
957 1899 1172 1979 Παλαίφατος
1194 1902 1229 1966 ἐν

83 2008 130 2085 τῷ
152 2001 225 2080 περὶ
249 2000 405 2080 Σφιγγός,
440 2023 510 2062 cum
539 2004 668 2062 Malalas
692 2004 833 2079 Sphingis
862 1998 992 2079 αἴνιγμα
1018 2006 1143 2063 omnino
1166 2025 1228 2064 non

86 2113 314 2165 commemoret.
358 2106 453 2180 Apud
470 2105 636 2162 Eusebium
667 2122 790 2180 quoque
812 2123 913 2163 veram
935 2105 1114 2181 Palaephati
1136 2107 1228 2164 inter·

85 2207 293 2282 pretationem
321 2207 498 2283 reperimus,
530 2225 602 2264 nam
628 2207 695 2281 ipse
720 2223 844 2280 quoque
868 2205 986 2278 (chron.
1010 2209 1069 2266 758
1087 2207 1143 2281 (H)
1169 2211 1227 2268 762

84 2303 151 2384 (A.)
166 2307 203 2368 11.
218 2325 268 2382 pg.
286 2309 334 2368 46.
351 2304 414 2382 47.)
438 2308 604 2384 Sphingem
627 2306 737 2365 Cadmi
758 2325 884 2366 uxorem
902 2313 1029 2383 propter
1039 2307 1228 2366 Harmoniae

85 2410 233 2468 invidiam
261 2411 452 2486 praedonem
480 2429 549 2468 esse
577 2409 691 2468 factam
719 2418 751 2467 et
774 2409 931 2467 Thebanis
956 2409 1068 2467 bellum
1094 2410 1228 2470 intulisse

85 2511 170 2569 dicit.

185 2611 365 2670 Eustathius
388 2622 419 2670 et
441 2612 569 2670 Malalas
603 2613 689 2670 aliter
720 2631 784 2670 rem
806 2613 941 2688 tradunt,
970 2631 1040 2669 nam
1064 2611 1227 2689 Sphingem

84 2731 148 2770 non
169 2711 279 2771 Cadmi
301 2732 436 2792 uxorem,
464 2715 520 2772 sed
541 2715 698 2772 mulierem
718 2713 904 2784 (secundum
927 2713 1072 2772 Malalam
1092 2715 1228 2787 viduam)

85 2813 255 2872 deformem
278 2824 309 2873 et
330 2834 474 2892 rapacem
497 2815 588 2873 fuisse
611 2816 732 2890 dicunt;
761 2826 921 2891 praeterea
943 2834 1011 2873 eam
1034 2833 1097 2872 non
1121 2816 1149 2872 vi
1171 2816 1228 2872 sed

85 2917 157 2973 dolo
180 2916 219 2973 ab
243 2915 365 2993 Oedipo
387 2919 601 2992 interemptam
627 2935 698 2975 esse
720 2918 864 2985 referunt,
899 2936 967 2974 cum
1000 2934 1034 2974 se
1066 2935 1126 2972 una
1160 2935 1228 2974 cum

84 3017 135 3075 illa
157 3019 300 3093 praedari
321 3019 397 3076 velle
420 3019 584 3094 simularet,
606 3020 638 3076 id
660 3021 746 3094 quod
769 3020 926 3094 aliquanto
951 3017 1071 3074 differre
1084 3037 1103 3074 a
1119 3019 1226 3075 Palae·

84 3117 168 3192 phati
191 3120 289 3177 verbis
311 3129 447 3195 apparet.
504 3119 628 3178 Summa
659 3129 762 3178 autem
795 3121 887 3177 totius
915 3120 1127 3195 explicationis
1158 3137 1228 3176 mea

84 3221 207 3294 quidem
230 3221 383 3278 sententia
405 3239 444 3278 eo
466 3222 647 3291 continetur,
681 3222 765 3296 quod
787 3220 902 3296 Sphinx
927 3221 1039 3278 femina
1066 3238 1161 3294 rapax
1182 3220 1227 3276 fu·

84 3322 146 3379 isse
162 3323 280 3400 dicitur,
302 3340 395 3396 quam
411 3321 549 3398 Oedipus
573 3341 642 3380 cum
658 3323 818 3380 comitibus
835 3324 896 3379 suis
912 3321 1106 3380 interfecerit.
1133 3318 1228 3391 Quod

84 3422 110 3479 si
131 3431 281 3498 tenemus,
307 3424 439 3481 Malalae
461 3425 744 3499 interpretationem
773 3424 905 3498 aliquam
927 3441 995 3480 cum
1017 3421 1227 3497 Palaephatea

83 3521 320 3582 similitudinem
334 3526 445 3583 habere
468 3525 555 3582 facile
578 3525 674 3598 quivis
698 3526 858 3584 concedet.
886 3523 948 3582 Sed
972 3523 1098 3582 Malalas
1120 3532 1150 3581 et
1167 3524 1227 3580 Eu-

83 3625 212 3682 stathius
240 3628 373 3684 eundem
401 3629 431 3683 in
461 3629 587 3684 modum
609 3626 676 3684 Laii
698 3627 777 3700 regis
802 3635 931 3682 mortem
954 3627 1080 3700 eiusque
1104 3643 1227 3682 causam

82 3736 222 3786 narrant:
260 3745 329 3784 cum
352 3727 491 3802 Oedipus
524 3727 686 3785 interfecta
708 3727 841 3803 Sphinge
868 3727 992 3783 summis
1019 3726 1185 3783 honoribus
1208 3745 1227 3782 a

84 3827 244 3888 Thebanis
267 3828 437 3886 afficeretur
459 3837 490 3885 et
507 3847 525 3886 a
544 3829 658 3904 populo
682 3845 732 3884 rex
754 3837 981 3902 exposceretur,
1004 3828 1080 3885 Laio
1096 3828 1228 3904 graviter

83 3929 205 3985 serente
227 3929 338 3986 bellum
361 3931 481 4005 exarsit,
506 3947 566 4004 quo
582 3929 674 3987 Laius
696 3928 872 3986 interfectus
895 3938 952 3988 est.
991 3929 1070 3986 Tum
1086 3927 1226 4004 Oedipus

81 4029 153 4087 Laii
166 4048 291 4088 uxorem
306 4032 337 4088 in
351 4032 576 4088 matrimonium
600 4031 695 4104 duxit,
718 4047 810 4106 quam
830 4031 924 4106 ipsius
939 4039 1067 4087 matrem
1089 4048 1158 4088 esse
1175 4030 1226 4087 ubi

82 4131 238 4206 cognovit,
262 4132 356 4190 oculis
379 4150 447 4189 sese
469 4132 605 4208 privavit.

186 4232 279 4307 Apud
308 4231 525 4308 Palaephatum
554 4232 619 4290 Laii
651 4250 764 4290 nomen
797 4233 921 4290 omuino
949 4251 1012 4290 non
1044 4233 1227 4308 reperimus;

83 4341 153 4392 tota
175 4351 223 4391 res
256 4331 365 4390 Cadmi
398 4334 584 4408 temporibus
616 4335 736 4408 geritur,
772 4333 910 4409 Oedipus
942 4335 1115 4409 simpliciter
1144 4328 1225 4409 ἀνὴρ

83 4429 254 4510 Κορίνθιος
277 4436 453 4510 appellatur.
497 4436 615 4513 Itaque,
638 4453 687 4494 me
710 4437 736 4493 si
757 4436 857 4510 audis,
887 4435 947 4493 hoc
970 4437 1136 4493 dicendum
1158 4445 1225 4498 est:
