2914 4980
569 300 716 362 ..53-

173 481 263 558 Quae
287 484 390 543 omnia
412 485 539 544 sirecte
562 505 580 542 a
601 504 649 544 me
671 487 827 562 disputata
850 493 930 563 sunt,
954 481 1158 561 Palaephatus
1181 481 1216 564 iS,

80 587 128 660 qui
151 587 265 645 Troica
288 588 468 662 conscripsit
488 605 551 644 non
572 605 641 646 esse
663 594 768 662 potest
782 587 888 646 Parius
910 587 958 644 ille
974 605 992 644 a
1006 587 1101 646 Suida
1120 587 1218 644 nomi-

77 697 163 745 natus
197 707 234 746 ac
262 689 443 764 relinquitur
465 707 482 746 e
505 689 701 766 Palaephatis
724 690 875 748 Suidianis
910 689 992 747 solus
1026 689 1074 748 ille
1095 692 1217 764 Aegyp·

77 790 131 846 tius
169 790 304 847 incertae
337 791 447 849 aetatis
480 792 705 867 grammaticus
740 791 788 848 cui
825 791 932 848 libmm
964 787 1036 866 περὶ
1073 785 1219 850 ἀπίστων

77 891 268 948 tribuendum
305 909 373 949 esse
405 891 483 950 infra
519 893 691 950 accuratius
728 893 993 949 demonstraturus
1017 909 1095 950 sum.

175 992 397 1068 Palaephatum
418 1011 495 1062 eum,
520 994 571 1068 qui
593 995 634 1063 de
658 993 884 1051 incredibilibus
905 993 1013 1050 librum
1029 992 1219 1066 conscripsit,

79 1093 168 1151 etiam
189 1095 229 1150 de
252 1095 340 1152 rebus
362 1095 583 1170 geographicis,
606 1095 736 1170 quasin
762 1093 878 1151 Troicis
902 1102 1048 1151 tractatas
1068 1094 1113 1152 vel
1138 1102 1219 1151 certe

79 1204 328 1254 commemoratas
362 1213 432 1252 esse
468 1214 557 1270 supra
580 1185 718 1268 vidimus,
756 1196 856 1269 egisse
880 1195 942 1250 veri
964 1194 1049 1252 haud
1072 1194 1220 1252 dissimile

79 1313 143 1352 esse
158 1297 287 1365 videtur,
310 1298 335 1354 si
357 1298 532 1372 respicimus
556 1305 604 1354 sat
619 1297 719 1354 multis
736 1297 847 1354 servati
863 1297 1004 1371 opusculi
1019 1295 1221 1370 Palaephatei

80 1397 148 1454 locis
179 1415 227 1454 res
260 1398 481 1474 geographicas
513 1399 743 1456 commemorari
775 1415 889 1470 easque
923 1415 962 1454 ex
988 1405 1074 1472 parte
1096 1396 1220 1454 aliunde

79 1517 138 1555 non
160 1507 259 1568 notas
283 1501 363 1556 velut
384 1518 436 1574 pg.
454 1501 522 1558 285.
540 1500 558 1556 3
581 1493 620 1572 ἦν
643 1495 678 1558 δὲ
695 1500 752 1572 τῆς
766 1493 1043 1574 ῒάχαρνίας(ΟΒ;
1067 1493 1220 1572 ἀχρονίας

80 1594 153 1677 DM)
182 1599 240 1674 τῆς
263 1601 322 1660 νῦν
345 1587 554 1674 Ὀρεστιάδος
578 1597 797 1675 καλουμένης;
834 1617 884 1673 pg.
909 1601 978 1658 295.
1003 1603 1040 1658 15
1064 1617 1147 1674 sqq.;
1170 1616 1221 1672 pg.

81 1701 148 1759 298.
165 1702 183 1758 8
201 1695 314 1775 ὥσπερ
336 1699 394 1761 νῦν
418 1695 448 1759 οἱ
464 1696 692 1774 Πατηριάταιί
708 1696 898 1774 παραξίθοοι
921 1695 1013 1774 (quae
1037 1701 1129 1755 verba
1152 1699 1221 1755 inP

81 1802 145 1858 solo
171 1802 320 1876 leguntur,
343 1803 400 1859 sed
426 1802 466 1858 ob
489 1802 585 1876 ipsam
607 1802 826 1858 obscuritatem
848 1802 887 1857 ab
910 1800 1130 1875 interpolatore
1152 1817 1221 1874 pro·

81 1903 159 1959 fecta
181 1920 248 1960 esse
267 1920 329 1960 non
350 1898 509 1978 possunt);
532 1920 582 1977 pg.
609 1903 678 1961 301.
702 1905 719 1960 9
744 1903 815 1960 adn.
840 1900 923 1959 ORP
945 1895 1030 1976 ἦσαν
1052 1898 1088 1960 δὲ
1109 1894 1222 1972 πόλεις

80 1999 151 2063 τότε
172 1998 282 2078 ἄργος,
318 2000 449 2080 μυκήνη,
481 2001 598 2078 τυρήνη
632 1999 784 2077 (τυρρήνη
809 2003 850 2068 Ρ;
885 2020 946 2061 sec.
962 2001 1129 2061 'Westerm
1153 2001 1222 2059 fort.

81 2101 184 2179 τίρυνς
208 2105 310 2178 scrib.)
333 2101 428 2179 λέρνη
449 2102 522 2178 (om.
546 2103 597 2178 P);
627 2104 746 2178 aliaque
768 2105 891 2162 minoris
914 2105 1071 2162 momenti.

179 2205 267 2276 Quae
301 2225 371 2263 cum
402 2207 443 2262 ita
475 2207 544 2279 sint,
583 2224 620 2261 ex
650 2207 705 2274 eis,
743 2224 824 2282 quae
854 2205 957 2263 adhuc
979 2207 1018 2261 de
1042 2203 1224 2279 Palaephati

82 2315 182 2364 aetate
205 2308 395 2383 protulimus,
433 2317 547 2365 certum
581 2317 629 2364 est
661 2307 752 2364 libelli
785 2304 856 2382 περὶ
890 2302 1034 2367 ἀπίστων
1064 2315 1223 2364 auctorem

82 2427 182 2484 neque
204 2409 300 2466 multo
324 2419 396 2466 ante
418 2409 534 2484 Polybii
561 2417 695 2466 aetatem
717 2426 818 2483 neque
839 2418 911 2483 post
933 2408 1105 2465 Flaviorum
1127 2408 1223 2482 impe-

83 2520 212 2566 ratorum
235 2519 375 2584 tempora
397 2510 571 2584 scripsisse;
596 2509 667 2566 item
691 2518 807 2566 certum
828 2519 876 2566 est
899 2509 1119 2583 Palaephatum
1142 2525 1222 2575 eum,

83 2611 131 2684 qui
154 2610 267 2668 Troica
300 2610 494 2686 conscripsit,
529 2620 601 2685 post
632 2609 821 2667 Demetrium
855 2609 1014 2686 Scepsium
1047 2609 1077 2667 h.
1100 2628 1125 2666 e.
1151 2616 1223 2684 post

82 2711 208 2768 alterum
231 2713 359 2771 secundi
387 2730 414 2770 a.
440 2711 510 2770 Chr.
539 2712 654 2768 saeculi
680 2711 839 2768 dimidium
862 2729 925 2768 non
947 2711 1104 2785 floruisse3
1148 2718 1220 2766 ante

82 2813 159 2868 tertii
181 2831 209 2872 a.
233 2811 302 2872 Chr.
326 2813 439 2871 saeculi
462 2814 582 2870 initium
604 2831 673 2870 eum
695 2829 758 2870 non
781 2813 890 2870 vixisse
912 2813 1074 2870 verisimile
1098 2819 1154 2870 est.

552 3332 665 3408 Caput
688 3334 748 3392 VI.

180 3518 244 3574 Iam
262 3519 429 3587 videamus,
454 3519 573 3578 cuinam
595 3539 633 3578 ex
649 3521 842 3595 Palaephatis
859 3528 1003 3594 quattuor
1023 3517 1080 3575 illis
1095 3537 1113 3576 a
1129 3517 1224 3575 Suida

83 3620 327 3676 commemoratis
350 3621 467 3678 libellus
490 3619 561 3696 περὶ
582 3617 726 3682 ἀπίστων
759 3623 920 3696 inscriptus
950 3621 1130 3676 tribuendus
1153 3637 1223 3676 esse

84 3721 222 3777 videatur
244 3719 309 3794 (cfr.
334 3721 435 3781 Flach.
458 3721 590 3797 Hesych.
612 3723 711 3782 Miles.
729 3731 863 3782 onomat.
886 3739 965 3798 quae
989 3731 1152 3796 supersunt
1173 3739 1224 3796 pg.

85 3823 143 3881 158
166 3840 233 3898 sqq.
256 3842 285 3881 n.
309 3822 574 3896 DCIIl—DCV13
598 3825 722 3882 Festam
743 3843 795 3900 pg.
819 3827 857 3882 29
882 3824 971 3898 sqq.).

167 3923 229 3980 ·De
250 3924 346 3998 primo
372 3925 571 3998 Palaephat0‚
596 3927 719 4000 dequo
743 3943 881 3982 seorsum
904 3932 1026 3982 acturus
1050 3942 1124 4000 sum,
1148 3923 1226 3980 haec

85 4028 244 4084 traduntur
267 4025 421 4102 (correctis
445 4028 497 4097 eis,
521 4043 600 4100 quae
623 4028 804 4102 corrigenda
828 4044 894 4084 esse
918 4020 1064 4102 censeo):

181 4123 395 4203 Παλαίφατος
411 4120 580 4203 Ἀθηναῖος
604 4125 768 4203 ἐποποιός,
786 4125 857 4202 υἱὸς
871 4124 1018 4188 Ἀκταίου
1031 4124 1083 4186 καὶ
1098 4123 1226 4200 Βοιοῦς,

84 4224 113 4286 οἱ
134 4227 170 4289 δὲ
192 4215 349 4305 Ἰοκλέους
372 4227 456 4305 φασὶ
478 4226 530 4290 καὶ
551 4225 762 4304 Μετανείρας,
797 4225 827 4290 οἱ
861 4226 896 4289 δὲ
918 4223 1038 4304 Ἕρμοῦ
1070 4221 1143 4305 <καὶ
1165 4223 1228 4286 Θα-

84 4325 200 4406 λείας).
234 4327 351 4402 γέγονε
381 4329 416 4391 δὲ
449 4329 530 4390 κατὰ
554 4328 610 4406 μέν
632 4348 721 4405 τινας
754 4327 836 4390 κατὰ
858 4326 1041 4405 Φημονόην,
1078 4325 1158 4388 κατὰ
1192 4325 1228 4387 δὲ

84 4427 203 4506 ἄλλους
230 4429 281 4491 καὶ
314 4427 378 4505 πρὸ
412 4427 528 4508 αὐτῆς·
569 4427 692 4506 ἔγραψε
727 4430 762 4492 δὲ
786 4428 1002 4507 κοσμοποιίαν
1033 4426 1078 4504 εἰς
1102 4424 1160 4502 ἔπη
1184 4445 1228 4504 ,ε,

1062 4541 1080 4596 4
