2914 4980
663 691 775 766 eaput
798 692 859 750 IV.

297 875 467 934 Enucleato
490 895 527 934 ex
548 877 616 952 ipso
640 878 741 936 libello
764 879 905 947 termino,
940 887 1125 954 postquem
1155 877 1246 937 libelli
1268 898 1341 938 auc·

198 983 296 1033 torem
327 977 484 1051 scripsisse
517 987 652 1053 oportet,
692 979 922 1055 circumspicere
956 981 1121 1058 debemus,
1158 999 1230 1038 num
1262 979 1341 1038 sorte

198 1085 340 1147 aetatem,
375 1087 447 1134 ante
480 1095 570 1152 quam
610 1079 815 1154 Palaephatus
854 1082 1008 1156 scripserit
1045 1099 1175 1140 necesse
1212 1090 1268 1154 est,
1304 1097 1346 1138 ex·

199 1187 302 1236 aetate
325 1179 451 1236 aliorum
473 1181 661 1255 scriptorum,
685 1183 736 1255 qui
756 1182 845 1238 libelli
862 1182 1060 1257 Palaephatei
1084 1183 1275 1239 mentionem
1297 1183 1341 1239 fa-

196 1280 288 1351 ciunt,
312 1282 498 1338 constituere
520 1283 681 1356 possimus.

295 1381 357 1438 Sed
378 1399 418 1438 ne
439 1382 497 1440 hac
520 1383 643 1458 quidem
666 1384 696 1440 in
722 1385 904 1459 quaestione
932 1386 1006 1442 satis
1029 1385 1114 1442 firmo
1138 1384 1341 1442 fundamento

197 1489 277 1540 stare
306 1500 474 1556 possumus.
535 1483 682 1542 Eclrstein
712 1481 742 1555 (l.
766 1477 799 1562 l.)
829 1485 953 1559 protulit
980 1487 1168 1542 sententiam
1189 1503 1208 1542 a
1231 1488 1341 1544 ceteris

195 1583 287 1657 longe
322 1584 488 1641 distantem
524 1585 615 1642 libelli
649 1595 804 1643 auctorem
837 1594 908 1642 ante
936 1585 1028 1644 finem
1053 1587 1131 1658 tertii
1153 1587 1200 1643 vel
1223 1587 1340 1644 initium

196 1685 294 1758 quarti
308 1703 337 1760 p.
355 1683 424 1742 Chr.
442 1685 554 1743 saeculi
568 1703 630 1742 non
653 1687 819 1760 scripsisse,
843 1705 910 1744 cum
935 1695 1026 1744 antea
1042 1696 1126 1746 certa
1146 1689 1210 1745 eius
1225 1690 1341 1745 mentio

194 1804 258 1843 non
278 1785 371 1846 fieret.
431 1786 492 1844 Sed
513 1785 721 1844 Eclrsteinium
753 1789 936 1846 sententiam
965 1805 1052 1844 suam
1082 1807 1146 1845 non
1178 1790 1250 1846 satis
1273 1807 1343 1863 per-

197 1887 345 1962 pendisse
379 1888 479 1946 statim
509 1887 678 1963 apparebit.
731 1887 801 1944 Hoc
824 1889 1002 1962 quidemei
1026 1891 1262 1946 concedendum
1296 1899 1343 1946 est

127 2011 128 2018 ι
195 1989 397 2046 nullomodo
420 1990 622 2045 demonstrari
645 2006 738 2062 posse
761 1989 983 2064 Apollodorum
1007 1999 1036 2047 et
1061 1989 1232 2047 Diodorum
1256 1989 1342 2048 Sicu-

196 2089 257 2146 lum
282 2089 461 2164 Palaephati
492 2089 567 2146 libro
598 2107 670 2148 usos
704 2107 780 2168 esse,
818 2091 850 2146 id
883 2083 967 2164 quod
999 2090 1164 2147 hariolatus
1192 2101 1257 2148 erat
1281 2091 1340 2151 Ios.

196 2191 330 2266 Scaliger
351 2187 395 2263 (in
415 2190 497 2248 Cirin
516 2209 565 2266 pg.
586 2191 650 2263 51).
695 2191 902 2266 Apollodorus
925 2193 1049 2250 omniuo
1066 2191 1233 2249 ‘historicae
1257 2192 1342 2250 fabu-

195 2292 291 2348 larum
326 2293 582 2366 interpretationis
605 2293 688 2350 nulla
710 2293 834 2367 praebet
856 2293 992 2366 vestigia,
1029 2301 1060 2348 et
1082 2309 1161 2368 quae
1183 2292 1340 2352 Diodorus

195 2392 281 2450 affert
313 2393 502 2467 Palaephato
534 2393 641 2449 similia
676 2392 741 2463 (cfr.
771 2391 863 2450 Diod.
888 2392 939 2450 IV.
969 2395 1017 2454 26.
1042 2395 1060 2451 2
1089 2410 1154 2468 sqq.
1183 2411 1253 2451 cum
1275 2395 1339 2455 Pal.

195 2493 254 2550 fab.
278 2493 364 2560 XlX;
403 2493 457 2551 IV.
486 2497 535 2552 47.
558 2495 576 2551 3
599 2511 667 2550 cum
698 2493 756 2552 lab.
780 2492 900 2564 XXXI;
937 2492 992 2552 IV.
1018 2496 1065 2554 70.
1091 2497 1105 2550 l
1136 2511 1204 2550 cum
1227 2493 1286 2554 fab.
1309 2495 1338 2563 Ι;

193 2593 242 2652 IV.
268 2596 315 2653 76.
340 2595 358 2652 3
386 2603 417 2650 et
438 2597 455 2652 7
460 2597 486 2652 7.
513 2599 529 2652 5
565 2611 633 2650 cum
661 2593 742 2652 labb.
765 2593 863 2655 XXII.
889 2587 1053 2671 etx111.),
1090 2612 1127 2650 ex
1158 2594 1339 2670 Palaephati

194 2713 295 2770 opere,
327 2696 408 2752 cuius
438 2713 589 2770 nusquam
616 2696 804 2752 mentionem
832 2694 903 2752 fecit
924 2695 1091 2770 Diodorus,
1128 2695 1237 2754 hausta
1273 2715 1338 2753 non

194 2805 272 2857 sunt.
315 2796 380 2854 Nec
414 2797 510 2870 magis
539 2797 620 2866 inde,
657 2797 742 2872 quod
771 2795 910 2872 Dionysii
935 2797 1112 2872 Mitylenaei
1144 2797 1206 2854 sive
1230 2797 1339 2874 Scyto·

194 2897 366 2955 brachionis
389 2899 598 2972 interpretatio
629 2892 693 2972 (cfr.
717 2897 834 2958 Miiller.
859 2897 946 2955 FHG
968 2898 1005 2954 ll.
1027 2915 1078 2974 pg.
1101 2901 1120 2958 8
1143 2898 1177 2958 fr.
1203 2893 1245 2976 5),
1265 2955 1268 2962 .
1285 2900 1335 2956 ali·

194 3015 285 3074 quam
317 3017 386 3056 cum
408 2997 612 3072 Palaephatea
639 2998 866 3056 similitudinem
893 2999 994 3072 habet,
1027 3000 1196 3074 quidquam
1224 3001 1265 3057 de
1288 3017 1336 3072 ea,

195 3119 274 3176 quae
307 3101 385 3159 inter
409 3099 629 3174 Palaephatum
652 3109 683 3156 et
707 3099 888 3176 Dionysium
912 3102 1092 3178 intercedat,
1116 3102 1234 3187 ratione
1263 3119 1338 3160 con-

195 3202 278 3259 cludi
300 3209 411 3276 potest.

293 3301 338 3358 Ne
362 3300 437 3359 Ciris
460 3302 584 3375 quidem
607 3321 632 3361 v.
661 3303 699 3362 87
730 3311 912 3378 argumento
947 3303 1004 3360 nisi
1041 3305 1234 3360 contendere
1268 3322 1340 3379 pos-

194 3422 297 3462 sumus
320 3403 538 3478 Palaephatum
575 3414 646 3461 ante
674 3400 749 3460 Ciris
785 3413 950 3473 auctorem,
987 3404 1065 3464 he.
1101 3413 1173 3462 ante
1207 3405 1341 3482 Augusti

194 3513 327 3562 aetatem
350 3500 418 3581 (cfr.
437 3505 730 3583 Schwabe-Teuffel,
754 3507 868 3566 Gesch.
894 3509 922 3566 d.
951 3510 1025 3566 rom.
1048 3504 1136 3566 Litt.⁵
1157 3525 1206 3583 pg.
1222 3509 1291 3568 501.
1308 3503 1340 3584 2)

194 3607 363 3681 scripsisse.
399 3624 467 3663 cum
491 3606 669 3682 Palaephati
704 3626 817 3664 nomen
840 3627 857 3664 e
880 3608 1059 3666 coniectura
1090 3616 1207 3664 tantum
1237 3609 1268 3664 in
1289 3609 1340 3666 illo

194 3724 283 3764 versu
307 3716 413 3767 exstet.
447 3707 612 3784 Utcunque
629 3709 669 3765 de
686 3709 736 3766 illo
759 3709 828 3766 loco
851 3710 1029 3784 iudicamus,
1053 3717 1235 3782 argumento
1257 3709 1341 3766 nullo

194 3811 288 3866 modo
312 3810 355 3866 uti
378 3810 537 3868 debemus,

294 3909 509 3967 Difficillimum
533 3919 580 3967 est
603 3911 750 3969 iudicium
773 3913 813 3968 de
824 3911 1006 3970 Athenionis
1027 3911 1135 3968 comici
1157 3893 1339 3985 fragmento,

194 4013 280 4088 quod
314 4011 443 4068 servavit
480 4012 659 4070 Athenaeus
682 4011 763 4071 XIV.
786 4031 835 4088 pg.
860 4015 920 4072 660
942 4013 977 4072 E.
1012 4007 1071 4072 οὐκ
1096 4005 1275 4086 ἀπεικότως
1303 4009 1340 4072 δὲ

193 4110 245 4173 καὶ
263 4107 417 4186 Ἀθηνίων
441 4109 475 4172 ἐν
500 4109 713 4194 Σαμόθρᾳξιν,
745 4109 792 4188 ὥς
823 4125 924 4188 φησιν
956 4109 1070 4190 Ἰόβας,
1104 4110 1257 4188 μάγειρον
1279 4107 1341 4188 εἰς·

194 4209 264 4286 όγει
286 4213 550 4289 φυσιολογοῦντα
574 4211 626 4274 διὰ
641 4210 784 4275 τούτων·
808 4224 976 4289 sequuntur
999 4215 1121 4288 triginta
1141 4213 1203 4272 lere
1225 4231 1340 4296 versus,

194 4316 303 4392 quibus
328 4333 447 4392 coquus
470 4317 579 4391 aliquis
603 4317 643 4372 de
662 4324 726 4372 arte
749 4333 804 4372 sua
824 4316 978 4390 gloriatur,
1002 4333 1071 4374 cum
1093 4316 1174 4373 dicat
1191 4314 1259 4372 sola
1274 4323 1340 4373 arte

208 4417 340 4476 ulinaria
360 4417 500 4476 homines
524 4437 562 4475 ex
584 4418 862 4493 antiquissImorum
886 4427 1059 4494 temporum
1074 4417 1200 4476 miseriis
1223 4427 1254 4475 et
1270 4419 1340 4476 bar-
