2914 4980
580 325 739 381 „57..

190 506 253 563 Iam
275 505 379 582 quaeri
407 512 521 581 potest,
554 523 616 581 quo
647 511 785 578 tempore
813 502 1011 579 antiquissimi
1041 503 1129 562 huius
1159 504 1236 562 vatis

93 607 173 665 sama
195 617 262 664 orta
286 609 334 665 sit.
387 605 448 678 Qui
469 607 584 682 primus
609 607 673 663 eius
702 606 890 662 mentionem
912 604 994 675 iacit,
1029 605 1236 680 Apollodorus

93 717 138 766 est
160 702 258 787 (apud
282 707 375 766 schol.
399 709 440 764 ad
464 707 556 764 Rhes.
575 726 599 764 v,
615 703 699 780 347).
745 705 809 764 Nec
832 723 903 763 vero
926 707 950 763 is
973 715 1029 778 est,
1054 707 1106 781 qui
1125 706 1237 764 biblio·

91 811 212 867 thecam
234 809 425 884 conscripsit,
449 817 481 866 ut
504 807 598 864 Vater
617 804 661 884 (in
685 807 836 864 Dindorfii
859 807 931 867 edit.
956 807 1060 865 scholi.
1084 809 1116 864 in
1130 807 1239 882 Eurip.

92 912 116 972 I.
137 928 206 986 pag.
230 904 284 986 30)
321 909 512 984 opinabatur,
548 927 617 966 cum
647 911 730 982 apud
753 908 832 966 hunc
865 905 900 983 (Ι.
925 910 953 967 3.
978 902 1073 983 2—4)
1111 925 1235 981 prorsus

91 1013 149 1069 alia
173 1013 212 1068 de
239 1011 394 1068 Musarum
422 1009 487 1066 filiis
511 1017 680 1078 narrentur,
713 1011 770 1066 sed
794 1010 1001 1084 Apollodorus
1029 1008 1235 1076 Atheniensis,

92 1113 281 1188 Asclepiadis
307 1112 390 1182 filius,
415 1109 552 1168 Panaetii
575 1120 606 1168 et
629 1111 797 1169 Aristarchi
820 1111 986 1186 disprulus
1010 1106 1153 1184 (Knaack
1174 1111 1194 1168 l.
1218 1112 1235 1171 l.

91 1217 176 1290 pg.2
197 1215 268 1271 adn.
286 1207 326 1288 2).
370 1213 465 1286 Quod
488 1216 529 1270 ad
552 1231 630 1288 opus
652 1214 819 1270 doctissimi
842 1213 920 1270 illius
943 1214 1134 1288 grammatici
1157 1213 1235 1290 frag·

92 1325 228 1372 mentum
250 1316 411 1390 pertineat,
435 1324 551 1372 certum
572 1331 635 1372 non
659 1323 722 1387 est;
747 1314 876 1372 fortasse
896 1316 926 1370 in
951 1314 1030 1371 libris
1054 1310 1127 1388 περὶ
1150 1315 1234 1374 θεῶν

92 1420 130 1475 de
152 1417 310 1474 Musarum
342 1415 416 1486 filiis,
446 1418 539 1474 verba
561 1416 642 1477 iecit.
688 1415 766 1474 Cum
788 1433 858 1472 vero
881 1416 1086 1490 Apollodorus
1109 1415 1236 1472 Atheni·

91 1519 171 1575 ensis
194 1517 413 1592 Palaephatum
436 1518 678 1594 antiquissimum
699 1537 761 1576 una
783 1535 852 1574 cum
874 1517 938 1574 aliis
959 1517 1233 1574 vetustissimorum

91 1619 262 1695 mythorum
290 1619 429 1694 personis
461 1620 753 1689 commemoraverit,
789 1637 853 1674 non
880 1618 976 1675 debet
998 1618 1139 1694 dubitari,
1163 1619 1236 1694 quin

91 1719 297 1796 Palaephatus
320 1738 442 1795 quoque
474 1721 505 1776 in
538 1721 690 1777 veteribus
713 1719 822 1778 fabulis
845 1719 945 1776 locum
971 1719 1112 1778 tenuerit.
1156 1718 1236 1777 Nam

91 1821 308 1896 Apollodorus,
339 1821 536 1878 doctissimus
565 1821 614 1878 ille
649 1821 701 1897 vir,
736 1838 900 1896 personam
931 1820 1015 1877 haud
1045 1820 1141 1877 multo
1165 1830 1236 1879 ante
1309 1821 1312 1830 ’

89 1923 190 1979 fictam
212 1923 290 1979 inter
306 1923 588 1996 antiquissimorum
602 1930 776 1996 temporum
798 1921 947 1998 homines,
970 1919 1127 1978 Musarum
1149 1921 1235 1998 filios,

15 2042 16 2052 ¹
90 2023 154 2080 sine
178 2024 271 2081 dubio
294 2041 358 2080 non
382 2025 632 2082 enumeravisset.

15 2203 16 2208 ἵ
189 2123 277 2181 Haec
311 2125 445 2181 dicenda
468 2133 539 2182 suut
562 2133 670 2184 contra
693 2125 805 2181 Festae
827 2125 1011 2199 opinionem,
1035 2122 1087 2199 qui
1108 2139 1160 2197 pg.
1185 2123 1236 2180 34.

15 2229 16 2242 ¹
91 2226 253 2282 contendit
283 2227 325 2282 ad
347 2225 568 2300 Palaephatum
588 2226 709 2301 epicum
731 2233 762 2282 et
784 2234 885 2282 vatem
907 2225 1085 2298 fingendum
1106 2224 1234 2280 multum

90 2326 218 2384 valuisse
241 2324 421 2400 Palaephati
444 2327 517 2400 eius,
541 2327 592 2401 qui
615 2325 746 2382 libellum
768 2327 808 2382 de
830 2325 1057 2384 incredibilibus
1080 2325 1235 2398 conscrip-

88 2427 134 2495 sit,
158 2443 322 2500 personam
344 2434 377 2483 et
400 2427 563 2500 ingenium.
609 2425 685 2484 Cum
709 2423 757 2484 hic
779 2427 914 2483 omnium
938 2426 1108 2483 fabularum
1131 2442 1233 2482 veram

89 2527 219 2584 sormam
242 2543 408 2602 verumque
430 2536 644 2600 argumentum
673 2545 740 2586 sese
764 2544 916 2601 cognosse
938 2527 1122 2598 adfirmaret,
1146 2526 1234 2599 quasi

87 2629 153 2702 ipse
174 2627 335 2697 adfuisset,
356 2636 466 2702 poetas
490 2629 624 2686 comicos
649 2629 892 2704 antiquissimum
913 2629 995 2686 illum
1011 2626 1232 2700 Palaephatum

88 2737 279 2785 commentos
319 2746 387 2786 esse
424 2745 556 2804 eumque
592 2729 713 2787 finxisse
750 2729 929 2787 iamdudum
961 2737 1033 2786 ante
1059 2727 1232 2792 Homerum
1291 2753 1294 2762 ·

87 2830 159 2904 ipsis
192 2830 379 2904 temporibus
415 2830 560 2888 fabulosis
597 2832 716 2888 vixisse.
775 2831 867 2888 Festa
899 2830 988 2904 igitur
1009 2837 1100 2904 putat
1122 2827 1232 2886 Palae·

86 2931 215 3006 phatum
248 2932 483 2989 vetustissimum
513 2950 576 2988 non
605 2932 664 2989 nisi
686 2931 865 3006 Palaephati
893 2931 984 2988 libelli
1002 2931 1046 2992 ¹de
1069 2929 1232 2986 incredibi-

87 3031 164 3088 libus
186 3031 319 3088 auctoris
341 3049 410 3088 esse
432 3049 597 3106 personam
619 3050 637 3087 a
661 3033 783 3089 comicis
810 3032 968 3088 ridiculum
990 3032 1021 3088 in
1043 3032 1169 3089 modum
1191 3031 1232 3086 ad

88 3131 301 3207 antiquissima
323 3140 461 3206 tempora
484 3133 670 3193 translatam.
725 3132 826 3204 Quam
856 3134 1031 3208 opinionem
1055 3131 1234 3207 Apollodori

88 3233 261 3290 testimonio
284 3233 410 3291 refutari
433 3235 548 3302 exeis,
573 3252 652 3308 quae
675 3251 766 3308 supra
791 3235 929 3308 exposui,
954 3242 1090 3309 apparet.

174 3332 237 3389 Sed
253 3351 322 3392 cum
334 3335 569 3391 concedendum
583 3352 652 3391 esse
664 3335 804 3392 videatur
812 3334 1030 3410 Palaephatum
1043 3335 1161 3408 epicum
1174 3335 1233 3390 iam

86 3436 118 3492 in
140 3437 273 3511 antiquis
296 3436 406 3493 fabulis
421 3437 531 3494 Atticis
554 3438 708 3494 exstitisse
725 3456 762 3495 ac
776 3455 840 3494 non
857 3437 960 3494 fictum
975 3453 1044 3494 esse
1064 3455 1083 3494 a
1098 3435 1232 3508 comicie,

89 3537 128 3592 de
145 3537 297 3610 operibus,
321 3555 448 3612 quorum
470 3538 714 3613 inscriptionibus
730 3539 823 3595 Festa
847 3539 1032 3595 sententiam
1055 3553 1143 3594 suam
1159 3553 1231 3592 con·

88 3635 196 3694 firmari
220 3645 316 3711 putat,
338 3638 424 3695 aliter
446 3639 643 3696 iudicandum
666 3648 721 3698 est.
773 3637 877 3714 Opera
902 3640 1005 3696 omnia
1028 3639 1084 3695 sub
1109 3637 1232 3694 nomine

86 3737 151 3795 eius
174 3737 264 3794 allata
286 3738 357 3795 ficta
379 3746 410 3796 et
433 3741 647 3797 commenticia
670 3758 738 3796 esse
773 3741 821 3796 vix
843 3741 1004 3816 quisquam
1028 3734 1229 3813 negaverit.¹)

89 3835 158 3908 Quo
181 3855 252 3895 vero
285 3847 423 3914 tempore
446 3858 573 3915 operum
603 3841 722 3898 illorum
751 3842 962 3916 inscriptiones
991 3840 1079 3898 fictae
1110 3840 1170 3896 sint
1192 3869 1231 3878 -

87 3957 159 3996 nam
191 3939 405 4016 inscriptiones
437 3950 554 3999 tantum
586 3943 672 4000 fictas
704 3957 782 4014 esse,
822 3943 957 4017 ipsorum
992 3942 1159 4000 carminum
1192 3957 1231 3996 ne

88 4059 182 4098 unum
204 4043 329 4117 quidem
352 4060 471 4099 versum
494 4059 628 4118 unquam
651 4042 805 4100 exstitisse
828 4043 900 4098 mihi
916 4060 1038 4117 quoque
1053 4059 1231 4117 persuasum

88 4149 134 4198 est
150 4173 200 4218 -,
223 4160 261 4198 ex
282 4143 354 4217 ipsis
378 4143 524 4219 cognosci
546 4162 638 4218 posse
653 4144 800 4202 intellexit
817 4143 1002 4202 Gutschmid
1017 4140 1113 4219 (apud
1129 4143 1230 4202 Flach.

188 4371 213 4436 1)
233 4373 280 4424 cir.
299 4375 395 4438 Bergk.
415 4376 521 4428 Griech.
541 4377 604 4428 Litt.
623 4379 644 4430 Ι.
664 4393 707 4442 pg.
726 4376 780 4430 405
799 4395 826 4430 n.
851 4377 917 4438 270;
939 4379 1034 4431 Hiller.
1054 4381 1123 4430 Mus.
1143 4379 1233 4434 Rhen.

88 4459 140 4513 vol.
162 4461 300 4514 XXXIII.
319 4479 362 4528 pg.
383 4461 442 4515 522.
