2914 4980
763 303 905 362 mg..

256 491 375 544 taurum
396 481 488 561 illum,
512 485 564 563 qui
586 481 743 562 Europam
764 486 901 563 rapuisse
923 485 1027 555 fertur,
1053 503 1085 542 re
1108 503 1179 544 vera
1202 483 1296 544 fuisse
1319 481 1398 544 Tau-

256 605 321 644 rum
343 588 493 664 iuvenem,
527 589 646 664 vulpem
674 589 764 662 illam,
805 604 886 663 quae
909 587 1065 645 Thebanis
1092 605 1236 663 magnum
1260 589 1402 646 damnum

258 688 395 748 intulisse
417 689 536 756 dicitur,
560 689 654 748 fnisse
677 689 833 761 latronem,
859 689 907 747 cui
929 707 1044 746 nomen
1065 697 1148 746 esset
1164 683 1335 765 ’nldnnzp
1350 697 1401 744 aut

257 789 388 848 fabulam
423 790 554 864 aliquam
588 807 625 846 ex
656 789 814 848 hominum
846 791 937 852 dicto,
963 807 1026 848 non
1059 791 1133 848 satis
1155 790 1310 848 intellecto
1334 807 1401 846 esse

257 901 370 962 ortam;
402 909 474 949 nam
496 893 696 961 Actaeonem,
726 900 760 949 ut
792 893 932 977 exemplo
961 901 1037 962 utar,
1065 909 1128 949 non
1150 910 1168 948 a
1191 893 1318 950 canibus
1340 891 1400 948 suis

257 993 436 1054 devoratum
460 1009 540 1060 esse,
564 993 622 1049 sed
643 992 742 1066 ipsum
765 1000 861 1049 totam
884 1011 948 1051 rem
972 986 1150 1052 familiarem
1172 993 1297 1050 canibus
1321 992 1401 1050 alen-

257 1093 304 1150 dis
328 1091 561 1169 consumpsisse,
595 1091 735 1150 homines
757 1101 859 1152 autem
883 1094 1014 1152 dixisse:
1037 1095 1181 1152 miserum
1203 1095 1401 1169 Actaeonem,

257 1211 349 1270 quem
370 1194 464 1268 ipsius
487 1211 581 1252 canes
603 1194 803 1252 comederint.
848 1193 947 1270 Saepe
969 1188 1095 1254 historia
1114 1195 1223 1272 ampla,
1246 1195 1400 1270 quomodo

256 1314 290 1353 re
313 1313 383 1354 vera
405 1313 453 1352 res
487 1295 663 1370 acciderint,
697 1295 940 1354 circumscribere
976 1299 1087 1356 studet.
1131 1297 1287 1366 Fabulam,
1322 1314 1400 1370 quae

256 1404 396 1456 narratur
429 1397 469 1454 de
492 1395 599 1472 Hydra
620 1396 760 1454 Lernaea
794 1398 833 1454 ab
860 1397 994 1454 Hercule
1027 1397 1139 1464 occisa,
1178 1397 1220 1454 ita
1254 1396 1401 1471 explicat:

257 1497 363 1574 Hydra
392 1496 449 1554 fuit
471 1495 562 1554 Lerni
594 1497 752 1570 cuiusdam
774 1499 850 1574 regis
874 1498 1042 1576 castellum,
1076 1499 1161 1574 quod
1182 1497 1401 1573 quinquaginta

257 1597 482 1673 sagittariorum
504 1599 658 1674 praesidio
693 1630 730 1638 -
765 1599 842 1658 haec
865 1609 952 1658 erant
973 1601 1193 1677 quinquaginta
1212 1598 1327 1676 hydrae
1350 1617 1400 1655 ca-

257 1699 322 1774 pita
345 1729 385 1740 —
410 1699 637 1756 defendebatur
659 1699 697 1756 ab
717 1699 857 1782 Hercule.
891 1700 1009 1776 Quibus
1031 1719 1070 1758 ex
1091 1699 1237 1758 militibus
1260 1701 1402 1776 quotiens

258 1817 337 1857 unus
360 1799 523 1866 ceciderat,
548 1799 597 1856 alii
620 1800 682 1858 duo
705 1801 736 1858 in
758 1800 859 1858 locum
882 1802 946 1859 eius
968 1803 1185 1861 succedebant.
1213 1799 1300 1859 Haec
1322 1800 1402 1858 sufli-

259 1900 342 1958 ciant
364 1901 405 1958 ad
428 1899 607 1974 Palaephati
628 1900 784 1974 ingenium
805 1902 1027 1960 illustrandum.
1077 1901 1203 1976 Singula
1223 1901 1404 1975 interpreta-

261 2002 377 2059 tionum
399 2017 516 2075 genera
544 2001 732 2076 distinguere
758 2011 886 2060 conatus
910 2012 957 2060 est
975 2003 1070 2060 Festa
1092 1999 1232 2078 (Intorno
1254 1995 1303 2060 all'
1328 2019 1403 2076 opu·

259 2103 344 2160 scolo
367 2103 399 2158 di
415 2101 553 2159 Palefato
578 2103 619 2159 de
638 2103 866 2162 incredibilibus
880 2105 1121 2162 Firenze·Roma
1135 2103 1216 2162 1890
1231 2121 1281 2177 pg.
1300 2097 1404 2176 3-9).

360 2203 467 2260 Similis
502 2211 549 2260 est
571 2202 749 2278 Palaephati
782 2205 897 2262 libellus
926 2205 1091 2262 Euhemeri
1123 2205 1283 2262 notissimo
1306 2211 1338 2260 et
1360 2202 1404 2259 f-

258 2304 429 2362 mosissimo
464 2304 556 2380 operi.
611 2304 655 2362 Ut
688 2305 877 2364 Euhemerus
910 2308 1100 2364 auctoritatis
1140 2323 1213 2364 suae
1245 2306 1405 2381 augendae

261 2422 355 2465 causa
377 2421 445 2462 sese
469 2403 663 2462 Panchaeam
685 2407 716 2462 in
742 2407 871 2464 insulam
894 2406 1066 2482 profectum
1087 2426 1125 2464 ex
1150 2415 1253 2464 vetere
1274 2406 1402 2481 inscrip-

220 2555 222 2562 .
260 2507 344 2564 tione
364 2506 466 2563 omnia
487 2523 639 2580 cognosse
663 2507 793 2584 simulat,
815 2509 858 2564 ita
886 2507 1098 2584 Palaephatus
1123 2527 1185 2588 quo
1204 2507 1301 2566 maior
1325 2507 1403 2564 fides

260 2607 409 2664 habeatur
430 2607 528 2664 verbis
556 2608 627 2674 suis,
661 2608 717 2664 sub
740 2607 830 2666 finem
856 2609 1053 2683 praefationis
1075 2608 1138 2684 (pg.
1163 2611 1233 2670 269.
1251 2613 1278 2668 4.
1294 2604 1403 2682 West.)

262 2708 336 2766 dicit
358 2725 391 2764 se
412 2699 524 2782 magna
546 2708 655 2765 itinera
677 2709 846 2784 suscepisse
875 2709 916 2766 ad
938 2727 1037 2766 rerum
1059 2711 1218 2768 veritatem
1242 2709 1404 2786 exploran-

260 2810 342 2886 dam,
364 2810 398 2866 id
424 2810 510 2884 quod
536 2827 643 2866 omnes
672 2809 824 2866 eiusmodi
845 2810 988 2868 librorum
1015 2819 1157 2868 auctores
1180 2809 1329 2868 affirmare
1354 2827 1403 2867 so·

262 2907 335 2966 lent.
379 2907 448 2966 Hoc
469 2909 634 2966 maximum
655 2909 734 2966 inter
755 2909 922 2968 Euhemeri
941 2919 972 2968 et
996 2911 1173 2987 Palaephati
1195 2929 1290 2986 opera
1312 2912 1404 2968 inter-

261 3008 345 3066 cedit
367 3009 539 3076 discrimen,
566 3011 652 3084 quod
672 3011 721 3068 ille
735 2999 891 3086 'quantum
914 3012 1061 3090 videmus,
1084 3014 1124 3070 de
1146 3014 1275 3070 deorum
1296 3021 1407 3070 natura

261 3117 293 3166 et
315 3110 431 3184 origine
453 3117 534 3184 agat,
556 3111 605 3168 hic
626 3111 753 3169 deorum
769 3111 919 3190 rationem
936 3113 983 3168 vix
999 3112 1120 3190 habeat,
1142 3115 1264 3188 utquid
1280 3114 1406 3172 omnino

262 3211 302 3268 de
326 3211 392 3267 deis
416 3211 595 3268 indicaverit
617 3211 834 3287 Palaephatus,
866 3214 1059 3290 perspicuum
1081 3231 1145 3272 non
1167 3202 1229 3274 sits
1258 3216 1407 3273 Fortasse

262 3311 303 3368 de
324 3313 368 3368 eis
390 3311 461 3368 nihil
485 3331 503 3370 a
525 3313 678 3370 communi
702 3313 846 3388 opinione
868 3315 999 3372 alienum
1021 3317 1125 3376 sensit.

359 3411 483 3470 Fabulis
514 3413 656 3471 historice
687 3416 735 3470 vel
764 3416 950 3491 pragmatice
980 3417 1215 3492 interpretandis
1242 3418 1303 3476 iam
1329 3419 1409 3476 anti·

262 3513 422 3589 quissimos
444 3532 543 3572 rerum
565 3523 721 3588 gestarum
744 3517 908 3592 scriptores
932 3535 1057 3594 operam
1072 3519 1197 3577 dedisse
1213 3519 1285 3577 satis
1300 3527 1411 3576 notum

262 3623 310 3671 est
334 3611 398 3687 (cfr.
426 3613 563 3674 Lobeck.
589 3615 740 3691 Aglaoph.
763 3635 810 3693 pg.
836 3617 895 3676 987
918 3613 1009 3696 sqq).
1061 3620 1124 3678 Sed
1146 3637 1215 3678 cum
1238 3637 1346 3677 omnes
1370 3621 1411 3677 illi

264 3715 366 3774 oblata
389 3716 550 3773 occasione
573 3717 622 3774 hic
646 3718 705 3776 illic
728 3717 861 3777 fabulam
882 3720 1014 3794 aliquam
1039 3722 1192 3796 explicare
1212 3729 1410 3790 conarentur,

261 3817 449 3874 Euhemerus
471 3826 503 3874 et
523 3816 724 3894 Palaephatus
748 3820 821 3876 data
843 3837 937 3896 opera
960 3821 1126 3879 fabularum
1148 3839 1288 3898 magnam
1308 3823 1413 3879 multi·

261 3919 399 3976 tudinem
421 3919 462 3976 ad
484 3919 618 3976 veritatis
641 3921 776 3994 speciem
798 3923 947 3980 reducere
970 3923 1159 3982 studuerunt.

362 4019 566 4077 Euhemerum
583 4003 669 4078 initio
691 4022 769 4080 tertii
785 4039 811 4081 a.
828 4021 895 4083 Chr.
911 4025 1024 4082 saeculi
1038 4024 1177 4082 floruisse
1192 4042 1283 4081 nemo
1298 4026 1413 4095 nescit,

263 4121 319 4180 sed
341 4121 382 4177 de
405 4119 472 4178 libri
494 4119 691 4196 Palaephatei
714 4131 744 4180 et
771 4132 896 4182 auctore
931 4135 961 4182 et
996 4125 1182 4204 temporibus
1217 4126 1298 4182 adeo
1330 4127 1415 4186 inter

239 4239 298 4280 ‘se
320 4221 530 4280 dissenserunt
552 4231 584 4280 et
606 4223 791 4282 dissentiunt
811 4225 864 4282 viri
887 4227 979 4302 docti,
1010 4235 1044 4283 ut
1065 4227 1133 4302 plus
1156 4236 1276 4302 septem
1299 4245 1414 4286 saecu·

260 4324 358 4382 lorum
380 4324 480 4398 spatio
502 4332 675 4400 temporum
695 4325 829 4384 rationes
845 4325 947 4384 adhuc
961 4327 1099 4402 prolatae
1115 4327 1194 4386 inter
1209 4346 1243 4386 se
1258 4328 1415 4389 differant.

263 4422 358 4496 Quod
379 4425 431 4501 qui
458 4424 572 4485 factum
599 4427 647 4504 sit,
681 4427 862 4506 quantisque
892 4429 923 4484 in
947 4427 1176 4486 difficultatibus
1202 4447 1359 4488 versemur
1382 4433 1415 4488 in
