2914 4980
601 281 745 344 —etss

103 467 133 524 in
156 465 319 526 Simonidis
343 465 525 552 carminibus
548 468 729 538 collocasse,
767 468 852 526 cuius
876 468 920 526 rei
948 465 1109 542 vestigium
1130 463 1161 526 iu
1184 485 1246 526 ser·

104 578 173 626 vato
203 571 244 626 de
267 570 495 628 incredibilibus
519 571 594 626 libro
618 589 666 628 me
688 571 860 645 repperisse
882 580 967 646 puto.
1019 571 1065 626 Ex
1088 571 1181 628 schol.
1205 571 1246 628 ad

103 669 232 730 Hesiod.
255 671 374 745 Theog.
397 689 424 732 v.
450 674 508 730 313
531 667 646 748 (Bergk
669 668 767 728 FLG4
789 671 934 729 Simonid.
958 671 1012 744 frg.
1039 671 1112 744 203)
1135 689 1246 748 cogno-

103 772 214 828 scimus
248 771 364 846 hydrae
402 773 561 830 Lernaeae
598 771 765 830 secundum
802 771 989 829 Simonidem
1026 773 1247 848 quinquaginta

103 872 197 928 fuisse
220 875 321 948 capita
343 870 415 948 (τὴν
437 871 539 948 ὕδραν
562 859 708 948 Ἀλκαῖος
732 871 789 948 μὲν
812 869 1054 949 ἐννεακέφαλόν
1075 885 1167 949 φησι,
1195 871 1247 933 Σι-

102 969 244 1048 μωνίδης
277 972 313 1034 δὲ
340 971 709 1051 πεντηκοντακέφαλον),
745 991 824 1050 quae
856 994 904 1032 res
932 975 1126 1034 confirmatur
1154 975 1248 1034 Servii

102 1075 199 1132 verbis
218 1075 260 1132 ad
282 1073 375 1151 Verg.
399 1076 476 1135 Aen.
501 1075 554 1134 VI.
580 1078 640 1136 575
664 1075 714 1150 (ac
737 1076 828 1134 belua
844 1077 980 1135 Lernae:
1004 1095 1095 1151 quam
1118 1076 1167 1132 alii
1190 1078 1247 1135 tria

102 1173 209 1232 volunt
242 1175 385 1233 habuisse
420 1177 530 1250 capita,
569 1177 629 1233 alia
661 1195 785 1242 novem,
822 1177 994 1234 Simonides
1026 1178 1247 1252 quinquaginta

101 1267 227 1350 dicit)1).
260 1275 337 1334 Cum
359 1294 431 1333 vero
453 1285 575 1351 praeter
586 1277 775 1336 Simonidem
797 1296 899 1349 nem0‚
922 1280 1005 1353 quod
1028 1278 1159 1336 sciamus
1182 1274 1246 1353 (cir.

101 1376 252 1434 Roscheri
285 1379 371 1436 lexic.
399 1377 522 1452 mythol.
547 1395 569 1436 s.
592 1396 618 1436 ν.
641 1375 771 1453 Hydra),
806 1379 863 1436 nisi
887 1379 1090 1453 Palaephatus
1120 1380 1149 1436 in
1172 1380 1247 1438 libro

101 1479 142 1534 de
175 1479 400 1536 incredibilibus
428 1496 493 1554 cap.
517 1479 663 1538 XXXIX.
694 1480 917 1554 quinquaginta
945 1479 1037 1538 fuisse
1059 1480 1173 1556 hydrae
1196 1501 1247 1539 ca-

101 1580 166 1654 pita
187 1581 357 1650 tradiderit,
387 1581 544 1638 verisimile
567 1589 616 1638 est
640 1582 704 1638 libri
729 1578 800 1656 περὶ
823 1577 966 1644 ἀπίστων
990 1590 1146 1639 auctorem
1168 1583 1248 1640 hanc

101 1680 244 1737 notitiam
274 1699 312 1738 ex
349 1681 448 1756 aliquo
482 1683 645 1740 Simonidis
682 1683 814 1740 carmine
844 1684 1000 1759 accepisse
1033 1693 1064 1740 et
1095 1684 1126 1739 in
1159 1702 1247 1741 suurn

101 1781 198 1856 ipsius
223 1799 299 1856 opus
327 1783 528 1842 transtulisse.

202 1879 328 1957 Τρωικά
355 1901 478 1958 quoque
507 1884 696 1958 Palaephato
718 1884 871 1959 Aegyptio
900 1885 1062 1942 tribuenda
1084 1903 1153 1944 esse
1173 1888 1248 1944 veri·

102 1985 285 2042 simillimum
307 1986 433 2045 videtur.
477 1985 576 2044 Huius
599 1988 700 2062 operis
722 1995 882 2046 auctorem
908 1987 1007 2062 ipsum
1029 2005 1153 2062 quoque
1176 1997 1247 2063 post

102 2096 244 2161 quartum
271 2105 296 2146 a.
326 2085 395 2147 Chr.
427 2086 582 2143 saeculum
608 2087 733 2156 vixisse,
771 2088 880 2161 quibus
910 2087 950 2144 de
978 2088 1076 2144 causis
1097 2105 1245 2162 apparere

101 2189 251 2257 videatur,
279 2206 371 2263 supra
401 2186 463 2263 (pg.
488 2183 543 2265 52)
573 2190 709 2262 exposui.
766 2187 836 2246 Hoc
864 2206 955 2244 nemo
986 2188 1099 2263 poterit
1130 2206 1245 2264 negare

101 2289 216 2346 Troica
251 2300 322 2364 post
349 2289 498 2346 Demetrii
533 2290 648 2364 Scepsii
670 2285 814 2364 Τρωικὸν
843 2283 1021 2362 διάκοσμον
1043 2290 1154 2364 scripta
1176 2308 1245 2347 esse

100 2408 163 2448 non
185 2409 286 2466 posse.
331 2390 408 2448 Cum
431 2391 605 2447 Demetrius
628 2409 646 2448 a
673 2390 824 2448 Strabone
848 2385 948 2467 (XIII.
972 2409 1023 2465 pg.
1051 2392 1125 2464 609)
1147 2409 1245 2468 γραμ-

100 2489 231 2567 ματικός
255 2493 432 2568 appelletur,
468 2493 607 2549 conicere
631 2491 703 2549 licet
726 2491 905 2548 Troicorum
937 2499 1101 2561 auctorem,
1131 2494 1245 2568 quippe

101 2596 186 2651 cuius
210 2611 288 2668 opus
311 2594 458 2651 Demetrii
480 2594 555 2650 libro
584 2593 679 2650 simile
702 2593 794 2650 fuisse
817 2593 964 2663 videatur,
1001 2593 1100 2668 ipsum
1122 2611 1245 2668 quoque

101 2697 331 2771 grammaticum
352 2725 394 2735 -
416 2693 636 2770 Palaephatum
660 2693 843 2768 Aegyptium
861 2724 901 2734 -
917 2694 1019 2752 fuisse.
1063 2693 1135 2750 Huc
1159 2713 1246 2751 acce-

101 2797 156 2873 dit,
180 2798 265 2872 quod
297 2797 341 2853 iu·
358 2795 538 2853 Troicorum
569 2796 746 2869 fragmentis
774 2795 932 2853 doctrinae
954 2796 1172 2869 grammaticae
1192 2813 1242 2852 ve·

102 2899 182 2972 stiga
204 2897 395 2972 reperiuntur
416 2897 485 2967 (cir.
509 2896 563 2969 frg.
587 2896 607 2953 4
630 2905 661 2954 et
684 2894 727 2970 5).

200 2998 310 3071 Itaque
342 2998 367 3055 si
394 2998 494 3054 eidem
517 2996 705 3072 Palaephato
734 3006 764 3054 et
794 2996 910 3054 libellus
946 2999 987 3055 de
1019 2999 1245 3056 incredibilibus

101 3108 134 3157 et
155 3099 267 3158 Troica
285 3100 448 3157 tribuenda
471 3107 551 3167 sunt,
580 3116 660 3173 quae
684 3099 837 3156 sententia
859 3100 1023 3158 maximam
1045 3100 1245 3158 verisimilitu-

102 3202 181 3258 dinis
205 3201 339 3275 speciem
361 3200 464 3272 habet,
499 3200 701 3275 Palaephatus
723 3200 758 3276 is,
797 3201 849 3275 qui
877 3210 1038 3275 utrumque
1066 3219 1143 3277 opus
1171 3220 1245 3259 con-

102 3303 231 3377 scripsit,
254 3302 422 3378 Aegyptius
444 3302 660 3376 grammaticus
684 3302 763 3359 circa
785 3302 921 3360 medium
943 3303 1112 3360 secundum
1128 3323 1156 3362 a.
1175 3301 1243 3362 Chr.

102 3403 260 3462 saeculum
281 3405 390 3460 vixisse
415 3403 519 3462 debet.

203 3504 264 3562 Sub
297 3505 388 3564 finem
419 3507 558 3582 opusculi
588 3507 648 3562 mei
675 3506 943 3582 comprehendam,
981 3521 1182 3579 quaecunque
1205 3506 1246 3561 de

103 3606 291 3680 Palaephato
306 3609 468 3682 Aegyptio,
492 3624 584 3682 quem
607 3615 639 3663 et
662 3607 753 3663 libelli
774 3603 845 3681 περὶ
861 3601 1006 3665 ἀπίστων
1021 3613 1052 3661 et
1067 3605 1245 3663 Troicorum

102 3716 262 3764 auctorem
295 3706 388 3764 luisse
420 3709 619 3782 probabiliter
641 3726 690 3764 me
705 3695 889 3782 ¹exposuisse
912 3724 1012 3784 spem,
1036 3715 1067 3762 et
1091 3724 1129 3762 ex
1151 3705 1246 3763 Suida

103 3819 135 3868 et
159 3807 281 3866 aliunde
304 3809 515 3884 comperimus.
559 3809 639 3866 Eum
661 3817 766 3866 natum
789 3826 858 3866 esse
880 3809 910 3864 in
925 3809 1068 3882 Aegypto
1091 3816 1122 3864 et
1137 3807 1244 3865 studiis

101 3909 308 3984 grammaticis
330 3905 476 3987 (fortasse
500 3906 719 3983 Alexandriae)
745 3910 952 3966 incubuissee
972 3907 1065 3964 Suida
1088 3908 1243 3978 discimus;

101 4028 162 4084 qua
196 4018 298 4068 aetate
328 4010 468 4088 floruerit,
502 4029 538 4067 ex
567 4012 667 4086 operis
695 4011 805 4068 servati
837 4027 951 4084 genere
973 4009 1097 4066 dicendi
1125 4016 1158 4065 et
1180 4008 1243 4065 De-

102 4112 201 4168 metrii
223 4110 340 4186 Scepsii
373 4113 413 4168 de
446 4109 624 4186 Palaephati
646 4111 765 4168 Troicis
799 4110 976 4168 testimonio
1004 4109 1242 4182 enucleavimus;
1312 4112 1315 4120 '

204 4327 231 4394 1)
249 4329 295 4376 Ad
319 4328 399 4389 Verg.
424 4329 491 4378 Aen.
515 4327 579 4377 VII.
608 4325 660 4378 658
689 4325 848 4376 scholiastae
877 4341 949 4374 error
977 4325 1158 4388 agnoscendus
1186 4339 1244 4376 esse

102 4418 214 4470 videtur.
