2914 4980
561 325 710 384 ..7-

66 499 244 581 Palaephati
274 511 378 562 aetate
411 503 595 573 definienda,
633 512 667 562 ut
700 511 856 580 appareat,
891 521 989 580 pauca
1017 523 1056 564 ex
1079 504 1133 584 eis,
1170 473 1210 565 de

66 606 172 680 quibus
206 605 425 680 disputandum
456 605 528 662 mihi
560 605 625 674 erit,
661 605 702 663 ad
729 613 826 664 totam
848 623 972 664 causam
994 608 1210 682 exponendam

67 717 98 764 et
119 707 328 765 illustrandam
350 708 546 783 praemittere
568 707 640 764 mihi
662 701 763 767 liceat.
793 707 858 765 Viri
880 709 964 766 docti
985 710 1027 767 ad
1041 709 1210 768 sententias

66 818 127 866 tam
149 810 240 886 longe
263 809 412 866 distantes
434 807 479 864 his
500 807 692 882 potissimum
708 809 807 866 causis
822 809 963 884 perducti
977 819 1060 868 sunt:
1081 811 1211 886 primum

64 911 148 985 quod
169 927 207 966 ex
228 909 297 986 ipso
321 910 420 968 libello
443 909 482 966 de
499 909 632 967 auctoris
650 917 753 967 aetate
766 909 839 968 nihil
856 913 1025 988 comperire
1037 929 1210 989 possumne,

65 1013 123 1069 nisi
144 1029 216 1069 eum
236 1019 309 1087 post
330 1011 488 1068 Melissum
510 1018 542 1068 et
563 1009 736 1068 Lamiscum
758 1012 914 1086 quendam
935 1012 1106 1088 scripsisse;

162 1122 227 1171 tum
249 1113 333 1188 quod
356 1119 502 1186 quattuor
524 1110 706 1186 Palaephati
728 1111 894 1170 afferuntur
915 1113 946 1170 in
964 1103 1078 1172 Suidae
1099 1113 1208 1173 lexico:

64 1209 275 1292 Atheniensis,
308 1214 360 1290 qui
393 1213 450 1270 suit
475 1220 548 1270 ante
570 1211 697 1270 Homeri
728 1221 882 1284 aetatem;
920 1214 1026 1274 Parius
1055 1214 1103 1272 vel
1125 1212 1209 1270 Prie-

62 1315 173 1385 neusis,
196 1315 371 1373 Artaxerxis
401 1313 557 1389 aequalis3
590 1301 768 1389 Abydenus,
802 1316 852 1389 qui
884 1315 1055 1373 Aristotelis
1077 1315 1210 1373 amasius

63 1417 157 1475 fuisse
179 1417 303 1486 dicitnr;
339 1415 507 1490 Aegyptius
533 1413 582 1471 vel
606 1415 803 1473 Atheniensis
826 1416 957 1474 incertae
980 1417 1090 1474 aetatis
1111 1434 1212 1492 gram·

63 1519 198 1577 maticus.
234 1517 354 1586 Suidas,
378 1518 509 1574 sirecte
531 1516 597 1573 eius
621 1518 714 1574 verba
736 1517 957 1594 intelleguntur,
979 1526 1011 1575 et
1031 1517 1213 1576 Atheniensi

62 1620 103 1676 illi
125 1619 250 1693 antiquo
272 1626 303 1675 et
318 1618 408 1676 Pario
428 1625 460 1674 et
479 1617 679 1691 grammatico
693 1617 844 1694 Aegyptio
859 1619 966 1676 librum
980 1615 1052 1694 περὶ
1065 1613 1211 1680 ἀπίστων

62 1721 238 1795 inscriptum
261 1719 407 1779 tributum
429 1736 497 1776 esse
520 1725 660 1778 testatur.

162 1819 224 1878 Sed
246 1827 422 1895 antequam,
456 1836 535 1894 quae
567 1820 635 1895 ipse
665 1837 810 1878 censeam
843 1822 883 1878 de
911 1821 978 1878 libri
1006 1821 1208 1897 Palaephatei

61 1929 165 1980 aetate
198 1929 230 1979 et
262 1931 397 1990 auctore,
430 1921 524 1978 fusius
547 1921 705 1996 explicem,
739 1923 873 1998 singulas
895 1924 1026 1982 virorum
1048 1924 1212 1982 doctorum

62 2023 229 2080 sententias
266 2023 404 2097 undique
442 2022 586 2080 collectas
616 2023 800 2098 perlustrare
834 2023 907 2081 mihi
944 2025 1046 2095 liceat;
1084 2043 1212 2101 quarum

61 2141 313 2200 unamquamque
335 2122 510 2198 singillatim
531 2123 662 2180 refutare
684 2141 748 2182 nou
762 2125 865 2183 habeo
880 2126 912 2183 in
928 2125 1044 2201 anim03
1067 2126 1215 2184 namhoc

63 2226 88 2284 si
110 2226 230 2302 vellem,
259 2225 475 2300 disputationis
498 2225 637 2282 ordinem
658 2227 773 2300 passim
795 2227 1016 2302 interrumpere
1038 2244 1162 2302 cogerer
1182 2235 1213 2286 et

60 2328 111 2384 via
143 2327 323 2402 rationeque
358 2327 503 2402 progredi
534 2327 584 2384 vix
616 2345 749 2402 possem.
794 2329 904 2404 Itaque
926 2328 999 2386 satis
1020 2328 1121 2386 habeo
1142 2346 1211 2386 sen·

61 2428 173 2487 teutias
206 2429 342 2485 diversas
372 2427 487 2502 afferre,
520 2445 596 2502 quas
632 2445 739 2486 omnes
772 2429 862 2486 nimis
895 2427 1018 2487 infirmis
1041 2429 1087 2487 vel
1109 2430 1210 2505 potius

62 2529 155 2586 nullis
177 2527 364 2603 argumentis
386 2527 468 2584 nisas
491 2528 564 2602 ipsis
586 2529 640 2604 eis,
672 2546 748 2605 quas
771 2529 914 2587 allaturus
937 2547 1011 2604 sum,
1042 2530 1210 2588 rationibus

64 2631 252 2706 collapsuras
275 2645 344 2686 esse
364 2646 466 2702 spero.

158 2731 323 2788 *Fabricius
347 2726 436 2804 (Bibl.
460 2729 569 2790 Graec.
592 2730 614 2790 1.
638 2749 686 2806 pg.
710 2730 770 2790 184
790 2749 856 2807 sqq.
879 2733 927 2791 ed.
951 2726 1085 2807 Harles.)
1104 2731 1214 2791 Palae·

64 2833 194 2909 phatum
226 2831 322 2889 nostri
357 2830 450 2887 libelli
485 2839 642 2890 auctorem
676 2833 756 2889 inter
790 2834 1017 2908 antiquissimos
1056 2834 1235 2910 scriptores,

67 2941 226 3001 recenset;
250 2931 329 2989 haec
351 2931 429 2989 enim
454 2932 526 2989 dicit
547 2929 611 3007 (pg.
636 2929 705 2991 186.
726 2925 803 3010 IV):
839 2934 890 3009 „in
914 2951 1128 3010 quamcunque
1149 2951 1218 3010 par-

63 3043 127 3092 tem
150 3042 253 3092 autem
276 3052 334 3092 nos
358 3043 521 3104 vertamus,
553 3035 593 3092 de
617 3043 743 3092 auctore
765 3044 798 3092 et
820 3035 964 3111 tempore
978 3037 1052 3094 nihil
1075 3037 1150 3094 certi
1171 3053 1216 3092 re-

63 3135 215 3211 periemus
239 3179 367 3196 ......
406 3135 552 3210 Quisquis
586 3145 691 3192 tamen
724 3145 772 3194 est
802 3133 874 3210 περὶ
902 3132 1049 3198 ἀπίστων
1078 3137 1216 3213 scriptor,

64 3236 285 3294 vetustissimus
308 3230 389 3296 est.“
439 3235 487 3294 De
508 3236 689 3294 Atheniensi
716 3237 765 3294 illo
788 3237 979 3313 Palaephato
1002 3239 1214 3314 antiquissimo

65 3337 106 3393 ob
129 3337 162 3393 id
184 3337 283 3412 ipsum
305 3353 398 3394 nemo
414 3338 551 3412 cogitare
573 3339 685 3412 poterit
701 3355 776 3395 sano
792 3339 914 3412 ingenio
938 3339 1106 3413 praeditus,
1130 3339 1214 3412 quod

63 3457 105 3494 ne
127 3438 193 3513 ipse
215 3439 342 3513 quidem
363 3439 455 3496 libelli
478 3448 584 3496 auctor
606 3458 639 3496 se
656 3439 871 3514 antiquissimis
894 3441 1082 3514 temporibus
1106 3439 1216 3496 vixisse

3 3541 5 3564 '
64 3549 97 3598 et
120 3540 277 3614 scripsisse
300 3539 386 3614 fingit
411 3571 448 3580 --
469 3541 502 3598 id
524 3541 608 3616 quod
626 3540 778 3598 finxerunt
799 3539 906 3615 Dictys
926 3539 1090 3614 Cretensis,
1114 3540 1213 3598 Dares

64 3641 209 3716 Phrygius
245 3641 357 3714 aliique
391 3641 530 3700 eiusdem
565 3641 679 3700 farinae
705 3641 842 3712 homines
864 3672 915 3718 -,
953 3643 1009 3698 sed
1035 3643 1215 3700 nominatim

65 3743 157 3800 affert
179 3750 334 3820 auctores,
364 3760 494 3818 quorum
524 3743 708 3801 sententiam
729 3744 856 3819 probet:
884 3742 1041 3801 Melissum
1063 3751 1094 3801 et
1116 3743 1219 3802 Lami·

64 3861 155 3902 scum
176 3837 240 3920 (pg.
263 3841 334 3905 268.
359 3847 407 3903 ll.
431 3821 549 3919 illest).

165 3945 303 4002 Fuerunt
331 3945 428 4021 igitur,
460 3945 511 4020 qui
545 3947 587 4004 ad
609 3945 730 4004 Parium
758 3945 841 4005 illurn
862 3945 910 4002 -vel
935 3944 1142 4021 Prienensem,
1164 3947 1219 4004 Ar-

62 4045 199 4104 taxerxis
222 4045 389 4120 aequalem,
413 4046 500 4104 cuius
523 4048 658 4122 quinque
677 4041 825 4108 ἀπίστων
847 4047 937 4105 libros
956 4045 1064 4104 Suidas
1082 4063 1216 4106 comme·

60 4153 172 4220 morat,
200 4147 435 4208 descenderent.
493 4147 557 4205 lam
590 4164 661 4204 vero
692 4165 772 4206 nova
804 4148 898 4206 oritur
926 4146 1103 4217 difficultas,
1138 4165 1219 4224 cum,

63 4249 193 4324 quinam
213 4248 397 4306 Artaxerxes
430 4248 656 4323 intellegendus
683 4249 732 4320 sit,
760 4249 871 4308 Suidas
902 4267 966 4306 non
993 4248 1086 4308 dicat.
1131 4247 1220 4326 Cogi·

60 4357 208 4408 taverunt
239 4351 279 4408 de
314 4349 503 4425 Palaephato
533 4350 622 4408 Pario
658 4350 732 4410 Phil.
762 4350 966 4410 Phasianinus
1000 4346 1044 4424 (iu
1076 4350 1219 4408 versione

62 4447 172 4526 latina,
205 4467 285 4526 quae
312 4451 427 4526 prodiit
458 4451 651 4527 Argentorati
676 4453 767 4511 1517.
799 4451 849 4511 sol.
871 4451 963 4509 XXX
983 4449 1077 4522 ΜΝ),
1097 4449 1220 4510 Caelius
