2914 4980
597 307 735 366 ,51-

91 506 194 567 φατος
217 484 245 549 δ’
266 482 345 548 ἐνθ’
369 482 501 562 (Bekker
522 488 553 545 in
569 487 602 548 n'
624 497 741 548 mutare
763 489 868 557 voluit,
892 507 960 547 cum
982 489 1013 545 in
1035 506 1098 546 uno
1122 490 1233 548 codiee

90 595 206 669 legatur
228 583 353 668 πρώτῃ)
371 585 523 662 Τρωικῶν
545 585 606 649 σὺν
628 591 665 667 τῇ
688 587 811 662 γυναικί
835 600 937 665 φησιν
960 585 1059 650 αὐτὸν
1082 585 1233 651 ὑποδέξα-

92 696 166 754 σθαι
185 689 244 766 τὴν
268 687 453 764 Δήμητραν.
607 773 621 830 f
686 775 705 830 4

619 791 661 846 rg.
708 821 713 832 .

187 876 344 934 Strabonis
366 875 453 932 locus
486 891 577 948 supra
613 874 719 930 allatus
752 871 818 948 (cfr.
856 874 996 933 Eustath.
1026 875 1057 930 in
1083 874 1169 933 Iliad.
1194 873 1230 932 ll.

91 999 136 1056 pg.
163 980 232 1036 363.
258 976 319 1049 24).

187 1079 300 1153 Magna
329 1095 397 1134 cum
428 1076 644 1151 probabilitate
676 1077 718 1134 ad
740 1077 850 1134 Troica
872 1077 1038 1135 referenda
1061 1083 1133 1132 sunt
1155 1075 1233 1132 haec

92 1181 260 1254 fragmenta
282 1196 300 1233 a
322 1177 450 1234 Mtillero
474 1175 601 1234 omissa:

615 1263 669 1354 ng.
694 1281 721 1338 5.

186 1379 324 1438 Eustath.
357 1380 388 1434 in
409 1379 493 1436 Iliad.
515 1379 554 1439 Il.
575 1397 625 1454 pg.
649 1381 717 1439 326.
740 1381 779 1438 4:
803 1375 1024 1456 Παλαίφατος
1046 1378 1090 1452 δέ,
1118 1391 1231 1454 φασιν,

89 1478 221 1556 ἱστορεῖ,
255 1475 304 1540 ὅτι
337 1475 464 1554 Αἰνείας
498 1474 603 1540 ἀνεῖλε
646 1475 703 1539 τὸν
738 1475 972 1554 Πρωτεσίλαον
1016 1481 1082 1556 (cfr.
1117 1482 1230 1556 Dictyn

92 1583 126 1652 Π,
151 1578 214 1656 11).

607 1665 659 1742 frg.
682 1668 710 1724 6.

187 1768 306 1826 Servius
324 1762 429 1843 (Dan.)
453 1767 495 1823 ad
517 1767 594 1824 Aen.
609 1767 664 1828 Ill.
690 1768 746 1826 80:
768 1767 849 1824 huuc
870 1775 973 1825 tamen
996 1767 1107 1824 Anium
1123 1767 1231 1824 Palae-

92 1869 201 1944 phatus
224 1870 317 1925 etiam
339 1867 544 1943 propinquum
566 1868 660 1924 tradit
682 1868 845 1928 Anchisae.

610 1968 665 2042 frg.
686 1971 712 2030 7.

189 2071 311 2128 Servius
334 2064 442 2147 (Dan.)
464 2073 504 2129 ad
527 2072 604 2132 Aen.
626 2071 679 2130 111.
692 2073 727 2130 8:
746 2072 882 2146 quamvis
903 2071 1111 2146 Palaephatus
1135 2072 1238 2128 tradat

93 2179 183 2246 capto
206 2171 262 2228 llio
282 2173 421 2230 Aeneam
440 2180 511 2247 post
533 2173 696 2230 triennium
718 2172 880 2246 navigasse
891 2166 924 2247 1).

191 2271 355 2329 Praeterea
377 2280 479 2330 exstat
501 2273 704 2348 fragmentum
726 2272 977 2348 Palaephateum,
1000 2273 1085 2346 quod
1107 2289 1169 2347 quo
1192 2291 1237 2330 re-

95 2371 252 2430 ferendum
273 2373 320 2442 sit,
345 2373 429 2432 haud
450 2375 644 2449 perspicuum
666 2382 728 2432 est:

608 2475 663 2550 frg.
687 2476 714 2535 8.

192 2575 289 2634 Schol.
317 2578 358 2632 ad
381 2577 483 2651 Eurip.
505 2575 651 2633 Medeam
674 2595 699 2636 v.
724 2577 799 2635 830:
830 2571 904 2650 περὶ
925 2573 960 2636 δὲ
983 2575 1041 2636 τοῦ
1063 2573 1123 2651 τὰς
1150 2571 1237 2635 Μού-

94 2687 157 2750 σας
188 2671 224 2736 ἐν
254 2677 293 2755 τῇ
327 2663 449 2755 Ἀττικῇ
479 2673 628 2753 ἱδρῦσθαι
660 2672 751 2752 ἀρκεῖ
784 2674 824 2737 τὰ
861 2671 1092 2752 Παλαιφάτου,
1145 2678 1239 2749 Quod

94 2775 296 2850 fragmentum
320 2779 361 2834 ad
385 2778 498 2836 Troica
529 2778 722 2837 referendum
750 2796 814 2836 non
838 2795 918 2844 esse,
947 2795 1010 2836 non
1039 2787 1142 2853 potest
1164 2780 1237 2835 inde

95 2878 245 2945 concludi,
268 2880 352 2953 quod
373 2880 495 2936 Atticae
516 2897 564 2937 res
587 2888 762 2956 tanguntur,
788 2898 857 2938 cum
881 2880 974 2937 etiam
996 2879 1027 2936 in
1049 2887 1135 2937 certo
1151 2878 1178 2935 T
1180 2880 1239 2935 roi·

96 2995 200 3035 comm
224 2979 397 3053 fragmento
420 2981 447 3039 3.
472 2981 512 3036 de
537 2981 639 3038 fabula
661 2982 765 3038 Attica
788 2988 899 3057 agatur.

192 3154 241 3212 De
274 3155 451 3232 Palaephati
474 3157 591 3216 Troicis
614 3177 653 3216 ex
676 3160 767 3216 certis
801 3159 976 3236 fragmentis
1002 3155 1129 3232 (1.-4.)
1162 3156 1240 3214 haec

95 3256 242 3332 cognosci
263 3267 409 3331 possunt:
441 3259 560 3336 Scripta
582 3269 652 3318 sunt
675 3270 727 3318 aut
752 3260 901 3319 Demetrii
924 3259 1040 3335 Scepsii
1062 3267 1165 3318 aetate
1187 3267 1239 3316 aut

92 3365 195 3428 antea,
229 3365 313 3416 certe
336 3369 456 3436 septem
479 3361 601 3419 fuerunt
630 3362 704 3434 libri,
738 3363 868 3421 fortasse
891 3380 1011 3420 novem.
1056 3359 1140 3436 Opus
1164 3379 1240 3418 con·

92 3458 209 3515 tinebat
231 3476 279 3516 res
301 3461 532 3538 geographicas,
565 3465 621 3520 sed
643 3482 706 3520 non
728 3465 872 3539 regiones
895 3463 1026 3521 Troicae
1050 3462 1135 3520 solae
1158 3471 1238 3520 trac-

93 3560 245 3631 tabantur,
268 3581 340 3619 nam
361 3563 428 3620 libri
452 3564 572 3639 septimi
595 3565 658 3621 duo
681 3573 843 3639 supersunt
866 3564 1046 3639 fragmenta,
1074 3564 1236 3637 inquibus

91 3670 200 3736 gentes
232 3679 329 3738 prope
351 3662 522 3723 Caucasum
555 3674 692 3722 montem
725 3667 766 3722 ad
803 3665 871 3722 litus
900 3665 989 3722 Ponti
1011 3665 1121 3722 Euxini
1154 3665 1239 3722 habi·

90 3769 193 3820 tantes
221 3773 505 3834 commemorantur,
543 3783 560 3821 e
585 3765 660 3822 libro
693 3784 777 3822 nono
813 3760 887 3841 (sec.
924 3764 1094 3823 Bekkerum
1126 3764 1237 3840 primo)

91 3863 299 3941 fragmentum
321 3875 464 3940 servatur,
487 3867 573 3941 quod
595 3868 637 3924 ad
659 3883 707 3922 res
730 3867 850 3924 Atticas
873 3866 1014 3941 pertinet.

191 3969 256 4025 Iam
286 3985 359 4024 vero
389 3968 414 4024 si
443 3975 528 4024 recte
556 3966 610 4042 irg.
640 3969 668 4027 5.
693 3969 720 4026 6.
745 3971 762 4026 7
785 3967 904 4024 Troicis
938 3968 1144 4024 adscribenda
1166 3985 1235 4025 esse

92 4069 209 4137 consui,
245 4097 280 4108 -
317 4086 353 4124 ac
387 4068 453 4142 quis
485 4068 678 4136 dubitaverit,
713 4069 787 4143 quin
810 4085 858 4125 res
891 4070 930 4125 de
965 4067 1073 4125 Aenea
1096 4077 1237 4126 narratae

193 4253 218 4315 1)
237 4253 309 4316 Quae
328 4253 382 4301 duo
402 4253 544 4315 fragmenta
564 4268 578 4301 a
597 4253 688 4302 Servio
713 4260 815 4302 servata
842 4254 874 4301 ad
894 4251 1086 4316 Palaephatum
1109 4252 1237 4300 iuniorem

93 4341 288 4402 grammaticum
308 4340 442 4389 referenda
462 4356 521 4390 esse
539 4342 591 4390 iam
610 4341 658 4392 Ch.
678 4340 711 4393 G.
727 4343 820 4406 Heyne
839 4339 879 4408 (in
898 4339 960 4391 edit.
979 4335 1104 4402 Vergil.3
1124 4339 1186 4391 Vol.
1202 4341 1238 4394 II.

92 4441 145 4480 exc.
163 4429 185 4481 1.
205 4429 239 4478 ad
257 4429 304 4480 lib.
323 4429 358 4479 II.
378 4443 421 4494 pg.
439 4426 504 4496 362)
524 4430 670 4494 suspicatus
692 4434 738 4482 est.
