2914 4980
708 325 847 380 ..62-

303 509 365 566 Iam
389 507 555 574 videamus,
591 503 665 578 quid
698 501 899 559 iudicandum
929 501 966 556 sit
989 502 1029 558 de
1051 499 1252 558 Gutschmidii
1277 518 1346 558 con-

203 610 323 668 iecturis
347 608 431 682 apud
453 605 610 664 Flachium
636 603 770 678 prolatis,
821 601 1001 676 Palaephati
1024 600 1105 657 Parii
1127 609 1211 658 aetas
1234 602 1347 658 eadem

204 718 295 784 atque
318 729 363 781 ea,
386 726 464 783 quae
487 726 510 766 s.
526 725 552 766 v.
578 702 661 765 lint.
684 700 791 779 Ἀβυδ.
817 703 932 776 legitur,
956 720 1111 760 essenon
1133 710 1248 777 potest,
1274 720 1348 758 nam

202 813 383 868 Artaxerxes
410 810 458 867 ille
481 817 526 866 est
548 807 705 864 Mnemon.
750 805 826 862 Item
849 804 983 862 concidit
1006 803 1109 878 opinio
1135 802 1346 872 Gutschmidii

203 911 422 988 Palaephatum
458 908 579 967 Parium
616 907 693 964 Parii
729 908 760 962 in
795 906 910 982 oppido
948 905 989 960 ad
1021 903 1255 978 Hellespontum
1286 904 1346 960 sito

202 1022 309 1069 natum
338 1029 407 1069 esse
438 1027 569 1084 eumque
601 1009 796 1065 Aristotelem
819 1023 982 1080 cognosse.
1028 1005 1142 1062 Nititur
1165 1023 1203 1062 ea
1225 1005 1346 1062 coniec-

203 1122 269 1170 tura
291 1114 389 1170 verbis
412 1109 541 1172 παιδικὰ
570 1109 606 1171 δὲ
626 1105 876 1184 Ἀριστοτέλους
906 1107 964 1168 τοῦ
988 1104 1186 1182 φιλοσόφου,
1224 1125 1305 1180 quae
1327 1125 1348 1162 a

201 1215 299 1270 verbis
328 1213 582 1288 praecedentibus
612 1210 730 1284 seiungi
763 1229 827 1266 non
856 1217 985 1284 possunt
1014 1218 1046 1264 et
1074 1209 1238 1267 maximam
1261 1227 1345 1266 com·

204 1315 297 1372 menti
318 1315 525 1390 suspicionem
547 1321 679 1371 movent.

300 1414 389 1487 Quae
412 1431 481 1470 cum
499 1415 542 1470 ita
565 1414 635 1479 sint,
657 1431 696 1468 ex
719 1413 772 1487 eis,
798 1430 923 1486 quaes.
946 1431 974 1472 v.
998 1407 1082 1471 Παλ.
1105 1397 1214 1486 ’Aura
1239 1411 1345 1485 legun·

202 1527 258 1587 tur,
281 1516 353 1572 nihil
369 1524 507 1590 spectare
523 1516 564 1570 ad
579 1513 725 1588 Palaeph.
741 1513 871 1582 Parium,
894 1531 932 1570 ac
948 1513 1153 1570 Gutschmidii
1169 1513 1346 1586 opinionem

202 1617 341 1674 omnibus
362 1616 547 1691 argumentis
573 1624 716 1690 egentem
739 1614 928 1672 reiciendam
951 1631 1020 1670 esse
1042 1631 1133 1670 nemo
1156 1613 1293 1687 negabit.

240 1703 243 1712 ¹
301 1718 348 1776 De
371 1717 558 1792 Palaephato
583 1717 732 1790 Abydeno
764 1716 829 1772 libri
863 1712 935 1789 περὶ
958 1710 1101 1774 ἀπίστων
1129 1723 1256 1771 auctore
1280 1731 1347 1769 om-

201 1821 273 1878 nino
296 1820 422 1892 cogitari
445 1837 507 1874 non
527 1835 620 1892 posse
642 1817 849 1891 compluribus
873 1819 914 1873 de
937 1817 1037 1874 causis
1053 1824 1188 1891 apparet.
1212 1816 1347 1874 Primum

202 1923 283 1979 enim
314 1920 384 1977 huic
407 1918 592 1992 Palaephato
625 1937 726 1994 neque
759 1919 834 1975 illud
864 1937 942 1993 opus
975 1935 1076 1992 neque
1101 1912 1228 1991 Τρωικά
1262 1917 1347 1992 apud

202 2021 327 2080 Suidam
353 2023 537 2090 tribuuntur;
573 2029 636 2076 turn
658 2019 840 2076 Gutschmid
876 2020 1049 2093 suspicatus
1083 2028 1130 2076 est
1161 2035 1255 2092 opera
1278 2017 1349 2074 huic

203 2122 389 2197 Palaephato
421 2121 534 2177 tributa
567 2119 684 2177 fabulas
717 2121 931 2177 Romanenses
963 2137 1032 2176 esse
1063 2117 1129 2191 (cfr.
1160 2119 1264 2177 Flach.
1288 2121 1306 2178 l.
1331 2121 1349 2176 l.

202 2224 337 2281 addend.
354 2231 385 2278 et
407 2223 513 2295 corrig.
537 2215 721 2297 pg.LXX.),
745 2239 825 2296 quae
850 2221 955 2295 opinio
977 2220 1141 2278 maximam
1164 2221 1226 2276 veri
1249 2220 1351 2278 simili·

201 2324 340 2380 tudinem
367 2323 468 2380 habet.
523 2321 600 2378 Nam
623 2316 789 2394 ἱστορικός
814 2340 832 2376 a
855 2320 948 2378 Suida
970 2321 1091 2394 saepius
1114 2323 1153 2375 de
1177 2321 1346 2379 fabularum

202 2424 438 2481 Romanensium
462 2423 670 2480 conditoribus
694 2415 894 2497 usurpatu11).
927 2423 1086 2480 Praeterea
1102 2423 1345 2498 inscriptionibus

202 2544 337 2600 operum,
361 2543 440 2601 quae
471 2525 526 2581 sub
551 2523 730 2598 Palaephati
752 2523 894 2598 Abydeni
916 2524 1039 2580 nomine
1062 2523 1234 2600 afferuntur,
1268 2524 1344 2582 Gut-

202 2627 340 2683 schmidii
364 2626 514 2683 sententia
537 2625 626 2682 valde
649 2624 843 2682 confirmatur
861 2623 928 2694 (cfr.
951 2623 1065 2680 Rohde
1088 2625 1104 2682 l.
1127 2625 1145 2682 l.
1169 2643 1217 2698 pg.
1236 2628 1296 2684 346
1314 2634 1345 2683 et

202 2731 262 2787 347
285 2729 356 2785 adn.
382 2728 420 2798 1).
475 2727 583 2800 ltaque
608 2727 680 2784 nihil
702 2727 819 2794 obstat,
853 2726 1014 2800 quominus
1039 2743 1107 2783 cum
1128 2725 1345 2784 Gutschmidio

201 2829 422 2904 Palaephatum
458 2829 644 2902 Abydenum
681 2827 849 2884 fabularum
886 2828 1127 2885 Romanensium
1164 2828 1344 2902 scriptorem

201 2930 294 2987 fuisse
313 2931 370 2986 rati
391 2930 478 2986 huius
507 2947 571 2986 non
593 2930 720 3004 amplius
742 2930 893 2986 rationem
916 2929 1093 2986 habeamus,
1139 2929 1250 2986 Festae
1275 2947 1346 2986 sen·

201 3033 338 3098 tentiam,
361 3032 412 3105 qui
431 3049 480 3105 pg.
502 3032 540 3090 38
571 3029 790 3105 Palaephatum
813 3029 933 3086 Parium
956 3037 987 3086 et
1002 3030 1187 3103 Abydenum
1210 3031 1345 3087 eandem

201 3133 293 3190 fuisse
314 3150 476 3206 personam
499 3133 668 3208 contendit,
703 3150 771 3189 cum
794 3132 920 3206 Abydus
958 3133 1105 3208 oppidum
1138 3131 1222 3188 haud
1252 3132 1346 3206 longe

201 3235 279 3290 absit
302 3252 320 3290 a
341 3234 440 3301 Pario,
474 3232 516 3288 ita
539 3241 573 3288 ut
595 3232 801 3306 Palaephatus
834 3233 927 3290 modo
962 3231 1107 3290 Parianus
1141 3234 1235 3290 modo
1267 3233 1346 3308 Aby-

201 3335 298 3392 denus
321 3334 491 3408 appellatus
514 3349 583 3389 esse
605 3334 712 3407 possit,
737 3333 832 3390 fusius
852 3334 984 3390 refutare
1004 3352 1068 3390 non
1090 3341 1138 3390 est
1160 3351 1245 3408 opus,

300 3433 384 3504 Quid
415 3433 613 3490 iudicandum
649 3434 688 3489 sit
719 3433 759 3490 de
792 3435 845 3503 eis,
881 3453 962 3508 quae
985 3435 1071 3492 Philo
1101 3443 1133 3492 et
1157 3434 1344 3493 Theodorus

199 3533 313 3590 Iliensis
335 3534 468 3605 tradunt,
499 3531 620 3590 difficile
643 3541 690 3589 est
713 3535 806 3594 dictu.
841 3534 1010 3593 Verisimile
1032 3536 1105 3592 mihi
1128 3538 1246 3594 videtur
1266 3537 1345 3595 haec

200 3651 268 3692 esse
290 3633 370 3704 ficta·
391 3653 450 3692 nec
472 3651 543 3691 vero
567 3632 728 3691 aPhilone
750 3638 803 3691 aut
819 3635 987 3693 Theodoro
1010 3638 1066 3694 sed
1089 3638 1128 3694 ab
1153 3637 1220 3713 ipso
1237 3637 1344 3696 Palae·

199 3734 294 3810 phato
309 3735 470 3812 Abydeno,
493 3743 527 3792 ut
549 3736 762 3794 auctoritatem
786 3755 873 3793 suam
897 3731 1064 3812 augeret2).
1089 3739 1165 3795 Eum
1179 3740 1345 3798 Alexandri

300 3917 326 3980 1)
344 3918 389 3968 cfr.
408 3935 428 3970 s.
451 3935 474 3970 v.
495 3919 633 3985 Ξενοφῶν
652 3919 792 3988 Ἐφέσιος
824 3921 856 3973 Ξ.
874 3917 1047 3985 Ἀντιοχεύς;
1080 3921 1111 3973 Ξ.
1133 3921 1265 3988 Κύπριος
1299 3923 1346 3978 Φί-

198 4009 299 4068 λιππος
315 4001 531 4074 Ἀμφιπολίτης;
557 4007 752 4072 Ποσειδώνιος
770 4004 993 4075 Ὀλβιοπολίτης,
1032 4012 1107 4059 cuius
1122 4003 1251 4064 Ἀττικαί
1269 4012 1345 4066 ἱστο-

199 4093 255 4161 ρίαι
274 4104 300 4144 et
318 4095 421 4159 Λιβυκά
440 4097 543 4146 fabulas
564 4098 675 4146 eroticas
695 4099 777 4147 fuisse
796 4106 866 4148 recte
886 4107 961 4164 putat
981 4100 1152 4164 Gutschmid;
1175 4101 1220 4151 cfr.
1242 4101 1344 4152 Rohde

199 4185 255 4233 Der
273 4184 377 4234 Griech.
396 4185 475 4237 Rom.
494 4187 603 4251 Leipzig
623 4186 691 4238 1876
710 4202 754 4251 pg.
772 4185 833 4238 346.

297 4271 325 4340 2)
345 4274 459 4324 Omnino
485 4257 550 4324 mos
570 4275 619 4324 fuit
646 4276 793 4324 fabularum
819 4277 1029 4325 Romanensium
1050 4277 1214 4344 scriptorum,
1234 4285 1263 4327 nt
1282 4295 1342 4346 eos,

198 4362 244 4425 qui
263 4361 393 4424 legebant,
422 4365 456 4413 de
480 4381 528 4414 sua
546 4365 661 4430 ipsorum
680 4366 733 4414 vita
756 4371 780 4414 et
799 4365 955 4414 condicione
974 4365 1096 4414 certiores
1115 4365 1240 4430 facerent,
1270 4369 1343 4419 velut

201 4452 336 4502 Antonius
355 4453 487 4515 Diogenes
509 4460 535 4502 et
545 4451 706 4504 lamblichus
721 4453 831 4520 [Rohde
841 4453 859 4506 l.
872 4453 890 4504 l.
904 4468 948 4518 pg.
961 4449 1105 4506 251et361
1122 4454 1182 4522 οφ).
