2914 4980
542 335 600 403 ..ο
631 303 717 362 Ῑ9“”..

73 488 222 548 tamentis
244 489 287 547 ita
309 488 490 565 amplificata
513 497 544 546 et
559 488 723 546 obscurata
744 487 813 563 legi,
835 495 869 546 ut
884 505 965 562 quae
985 487 1118 563 genuina
1134 484 1224 547 suerit

77 592 182 650 forma
204 607 389 666 cognoscere
411 608 474 648 non
496 590 655 664 possimus.
683 588 772 662 Quae
794 590 925 647 comita
946 590 1015 660 sint,
1035 609 1099 648 non
1120 598 1225 666 potest

80 693 229 766 dubitari
252 692 325 768 quin
355 692 533 767 opusculum
555 688 628 766 περὶ
657 686 801 752 ἀπίστων
822 692 998 766 inscriptum
1019 701 1137 767 partem
1159 701 1225 750 tan·

78 803 147 852 turn
169 793 292 868 genuini
315 793 416 867 operis
441 791 639 867 Palaephatei
661 793 826 849 contineat.
1085 787 1089 796 ’

182 893 246 951 Sed
267 912 307 950 ne
331 911 400 950 eam
423 893 547 967 quidem
569 893 670 966 operis
690 893 885 968 Palaephatei
905 883 1032 970 partem,¹
1055 913 1145 970 quam
1166 913 1223 953 nos
1268 943 1273 960 .

78 995 239 1064 habemus,
273 996 423 1069 integram
456 1011 526 1052 esse
557 994 682 1050 diversis
705 994 746 1050 de
768 995 868 1052 causis
891 1003 1027 1070 apparet.
1071 995 1151 1056 Nam
1172 1016 1225 1054 ex·
1324 1071 1326 1076 ,

80 1098 180 1172 ceptis
202 1097 257 1153 illis
280 1096 437 1171 capitibus,
470 1113 551 1170 quae
579 1112 671 1170 supra
691 1093 819 1170 (pg.10)
840 1098 924 1171 operi
944 1097 1152 1172 Palaephateo
1173 1099 1225 1156 ab·

79 1198 247 1256 iudicanda
278 1215 347 1254 esse
377 1197 515 1271 diximus,
551 1195 582 1253 in
609 1196 762 1252 nonnullis
793 1197 952 1254 codicibus
975 1215 1019 1258 cc.
1042 1197 1171 1258 XXXV.
1194 1208 1227 1257 et

81 1297 243 1358 XXXVII.
267 1298 357 1373 plene
379 1297 501 1370 desunt,
530 1297 560 1353 in
589 1297 696 1356 ceteris
712 1298 889 1372 gravissime
910 1308 1051 1374 corrupta
1075 1300 1224 1374 leguntur.

80 1399 165 1456 Tum
188 1399 370 1474 singularum
399 1398 568 1456 fabularum
598 1399 675 1456 ordo
697 1415 761 1455 non
783 1399 865 1455 idem
888 1409 934 1458 est
955 1401 987 1457 in
1011 1402 1151 1459 omnibus
1174 1419 1226 1459 co·

80 1501 214 1574 uicibus,
246 1500 380 1558 velutin
402 1499 465 1556 DM
488 1499 581 1557 codd.
604 1498 687 1558 fabb.
709 1498 760 1558 III.
785 1507 816 1556 et
838 1499 894 1560 IV.
917 1511 1086 1576 sequuntur
1109 1503 1226 1562 fabulas

81 1601 139 1661 VI.
163 1600 228 1662 VII.
255 1599 337 1658 VIII.

184 1702 279 1760 Festa
308 1699 371 1776 (pg.
396 1702 444 1760 15.
468 1695 549 1776 sqq.)
584 1700 794 1758 demonstrare
826 1701 945 1760 studuit
975 1721 1031 1778 per
1062 1713 1161 1762 totum
1193 1704 1227 1760 li·

81 1803 208 1872 bellum,
241 1802 339 1878 qualis
372 1819 455 1860 nunc
476 1809 585 1874 exstat,
616 1800 785 1858 fabularum
808 1803 948 1860 ordinem
970 1807 1126 1863 turbatum
1149 1825 1226 1867 esse.

84 1902 199 1962 Omnia
228 1903 293 1960 eius
316 1911 496 1978 argumenta
519 1902 626 1960 afferre
648 1910 680 1959 et
701 1903 878 1962 examinare
900 1905 1049 1964 hocloco
1072 1926 1134 1966 non
1156 1926 1228 1984 pos·

84 2021 171 2074 sum;
205 2006 301 2062 multa
326 2023 401 2062 sane
433 2005 549 2062 incerta
578 2012 650 2062 sunt
677 2021 715 2062 ae
738 2005 841 2076 dubia,
875 2009 932 2064 sed
953 2007 1013 2066 hoc
1033 2011 1227 2072 manifestum

84 2123 156 2164 esse
190 2105 310 2162 videtur
342 2105 479 2162 eiusdem
513 2105 632 2180 generis
665 2104 933 2180 interpretationes
957 2110 1026 2168 olim
1049 2113 1227 2174 coniunctas
1268 2145 1271 2156 ·

84 2207 191 2266 luisse.
235 2204 329 2277 Quod
351 2206 442 2263 etiam
464 2224 482 2263 e
504 2213 625 2263 servato
648 2205 725 2262 libro
746 2215 884 2280 apparet,
914 2227 986 2268 nam
1008 2229 1094 2288 capp.
1117 2214 1172 2276 XI.
1195 2227 1227 2276 et

82 2309 159 2367 XII.
183 2309 294 2384 agitur.
314 2309 355 2364 de
376 2305 549 2364 homInibus
579 2323 643 2364 non
664 2308 909 2375 vulnerabilibus,
931 2311 1015 2372 XIV.
1040 2321 1071 2371 et
1093 2316 1162 2378 XV.
1187 2322 1227 2377 de

85 2408 259 2466 hominibus
280 2409 312 2464 in
333 2408 448 2465 bestias
470 2408 603 2485 mutatis,
625 2407 678 2468 III.
701 2417 732 2465 et
747 2409 799 2469 IV.
823 2411 863 2467 de
886 2411 938 2484 eis,
961 2413 1012 2488 qui
1031 2416 1070 2471 ab
1092 2417 1227 2492 ipsorum

84 2509 269 2568 animalibus
303 2509 480 2566 domesticis
512 2509 651 2566 devorati
673 2518 751 2566 sunt.
796 2509 886 2582 Quae
908 2513 1027 2573 fabulae
1049 2535 1140 2592 quam
1163 2529 1228 2579 arte

85 2613 273 2670 coniunctae
306 2611 375 2680 siut,
410 2611 482 2668 inde
515 2619 652 2686 apparet,
686 2612 771 2686 quod
793 2630 915 2689 semper
936 2617 966 2672 in
988 2620 1089 2692 priore
1110 2629 1229 2682 tantum

85 2720 231 2770 accurate
262 2713 443 2770 narrationis
472 2712 667 2770 difficultates
695 2723 727 2769 et
748 2713 883 2788 ineptiae
905 2729 1099 2791 exponuntur
1120 2733 1152 2780 et
1175 2743 1228 2782 ex·

85 2814 249 2892 plicantur,
282 2831 352 2870 cum
384 2813 415 2871 iu
448 2814 617 2888 posteriore
649 2813 691 2870 ad
712 2815 996 2890 interpretationem
1027 2821 1086 2878 iam
1108 2824 1231 2884 allatam

85 2922 235 2990 provocet
266 2922 381 2996 auctor.
439 2914 549 2988 Itaque
583 2914 716 2973 fabulam
733 2915 859 2976 XXVI.
869 2913 893 2990 1)
924 2937 993 2976 curn
1016 2921 1095 2982 sabb.
1118 2923 1174 2983 III.
1199 2937 1231 2984 et

88 3015 138 3074 IV
167 3015 415 3090 coniungendam
447 3033 516 3074 esse
549 3017 596 3074 vel
632 3033 701 3074 esse
731 3027 868 3093 apparet,
906 3021 990 3094 quod
1017 3036 1162 3082 accurata
1185 3028 1229 3084 in·

87 3117 267 3192 terpretatio
302 3117 334 3173 in
367 3135 406 3174 ea
438 3118 536 3176 deest.
581 3115 702 3174 Eodem
734 3119 828 3176 modo
860 3120 978 3179 fabulas
1002 3123 1090 3180 XXV
1114 3134 1146 3183 et
1166 3127 1230 3189 XL.

89 3218 322 3292 coniungendas
364 3235 435 3274 esse
466 3217 560 3275 Festa
598 3226 682 3275 recte
723 3221 892 3294 suspicatus
930 3233 987 3293 est,
1025 3243 1095 3283 nam
1133 3230 1231 3286 verbis

88 3317 190 3392 tribou
218 3315 254 3378 δὲ
283 3313 333 3378 ὅτι
359 3315 410 3378 καὶ
437 3312 534 3393 οὗτος
563 3313 625 3379 ἀπὸ
655 3319 713 3395 τῆς
735 3316 862 3398 πόλεως
886 3320 1000 3400 ἐκλήθη
1023 3323 1232 3406 Τρικάρηνος,

89 3415 203 3494 ὥσπερ
230 3415 248 3478 ὁ
277 3415 448 3495 Γηρυόνης,
483 3437 560 3494 quae
590 3419 718 3493 legimus
750 3423 781 3480 in
814 3423 874 3483 fab.
907 3425 969 3486 XL.
995 3423 1232 3507 (pg.302.17.)‚

90 3529 198 3596 aperte
223 3522 264 3578 ad
285 3520 419 3578 fabulam
434 3519 534 3578 XXV.
557 3522 735 3582 reducimur.
766 3523 928 3583 Praeterea
950 3547 1020 3586 cum
1042 3530 1089 3587 his
1112 3533 1232 3591 duabus

91 3623 201 3680 sabulis
224 3622 354 3679 fortasse
388 3639 495 3679 omnes
528 3641 585 3680 eae
608 3625 789 3684 coniunctae
810 3628 882 3686 olim
905 3629 1034 3708 fuerunt,
1069 3632 1232 3708 inquibus

92 3723 247 3780 homiuum
269 3723 453 3797 cognomina
475 3725 516 3779 ad
540 3741 700 3800 corporum
723 3726 850 3786 formam
872 3732 1056 3805 pertinentia
1086 3751 1123 3790 ex
1146 3736 1232 3810 oppi-

90 3827 202 3883 dorum
223 3824 397 3880 nominibus
420 3824 602 3884 derivantur.
647 3823 802 3886 Collectae
824 3838 896 3887 sunt
918 3832 1069 3890 eiusmodi
1088 3834 1234 3910 interpre-

90 3927 228 3984 tationes
262 3926 344 3999 apud
374 3923 514 3983 Eustath.
547 3926 589 3982 ad
612 3924 671 3986 Od.
694 3927 748 3988 IV.
781 3947 831 4006 pg.
859 3935 946 3992 1504.
962 3936 1002 3993 53
1025 3952 1090 4010 sqq.
1121 3935 1234 3995 Verisi-

91 4027 247 4084 miIIImum
278 4025 369 4098 igitur
400 4043 468 4083 esse
498 4024 619 4084 videtur
647 4027 766 4088 fabulas
795 4034 904 4091 eadem
926 4035 1044 4093 ratione
1066 4037 1233 4111 explicatas

90 4128 123 4185 in
145 4127 265 4200 integro
289 4142 382 4202 opere
412 4125 591 4183 coniunctas
615 4127 717 4191 luisse.
771 4133 850 4192 Num
872 4152 910 4192 ea
933 4152 1064 4215 quoque,
1086 4146 1119 4196 ut
1140 4139 1234 4197 Festa
1339 4137 1342 4150 '

91 4275 290 4284 -—---—--

191 4363 213 4434 ¹)
232 4368 307 4432 Quae
330 4365 421 4418 sabula
450 4367 477 4416 in
507 4366 567 4420 cod.
594 4363 693 4431 L(clr.
710 4365 818 4414 Festum
837 4379 880 4430 pg.
903 4362 936 4416 17
955 4363 1016 4414 adu.
1037 4361 1071 4430 1.)
1098 4369 1124 4412 et
1149 4363 1177 4412 R
1196 4364 1235 4414 in·

91 4457 217 4508 scribitur
237 4457 301 4522 περὶ
319 4455 487 4520 Διομήδονς,
506 4456 534 4505 in
552 4455 646 4505 ceteris
664 4454 729 4521 περὶ
747 4453 870 4506 Γλαύκου
889 4456 941 4505 rou
959 4451 1094 4519 Σισύφου.
