2914 4980
714 317 871 371 ..58-

219 492 236 549 l.
259 512 303 568 e.;
326 492 377 552 cir.
400 491 493 550 etiam
515 491 653 550 Knaack.
686 493 856 569 1.l.pg.2
880 496 951 553 adn.
976 492 1017 568 2),
1051 495 1102 570 qui
1129 494 1245 552 monuit
1269 511 1360 569 opera
1396 492 1399 499 '

218 594 289 650 huic
310 595 397 668 epico
431 594 577 651 attributa
609 602 679 668 post
712 594 834 653 mediae
864 597 1045 654 comoediae
1074 603 1210 654 aetatem
1235 609 1268 652 et
1294 603 1362 671 post
1438 641 1439 646 1

219 694 438 753 Callimachum
467 702 534 752 orta
558 694 603 752 vel
629 696 731 769 potius
761 696 832 754 ficta
860 715 929 754 esse
957 699 1080 756 debere.
1141 695 1289 755 Carminis
1318 699 1361 754 in·
1438 679 1439 684 ί

220 797 414 871 scriptionem
436 791 563 870 Λητοῦς
585 784 752 870 πλόκαμον
784 805 856 854 ante
885 797 1062 856 Callimachi
1095 806 1230 856 aetatem
1263 799 1362 856 fictam

218 913 286 953 esse
309 914 371 954 non
394 913 485 971 posse
502 905 618 954 certum
634 897 762 956 videtur.
796 899 870 956 Post
886 900 1008 958 mediae
1029 899 1210 956 comoediae
1227 906 1362 958 aetatem

218 998 393 1055 necessario
430 997 557 1056 aliorum
591 997 769 1072 Palaephati
805 1000 972 1056 carminum
1010 1000 1122 1057 famam
1159 1008 1262 1058 ortam
1297 1018 1363 1057 esse

218 1106 304 1174 putat
326 1098 514 1166 Gutschmid‚
538 1099 622 1173 quod
643 1094 853 1174 ’Λπόλλωνος
876 1097 1127 1175 καὶἈρτέμιδος
1151 1097 1257 1172 γοναί,
1281 1101 1363 1174 quod

219 1199 297 1274 epici
327 1199 404 1256 illius
436 1216 558 1256 carmen
595 1199 686 1256 fuisse
721 1199 838 1268 dicitur,
880 1200 997 1258 Philisci
1027 1218 1149 1276 quoque
1182 1203 1364 1258 comoediae

219 1301 323 1358 titulus
346 1307 403 1368 est,
438 1301 521 1358 cuius
557 1300 634 1358 aliae
669 1301 852 1358 comoediae
875 1302 1078 1359 inscribuntur
1101 1298 1184 1377 Διὸς
1206 1297 1302 1374 γοναί
1335 1311 1365 1358 et

218 1395 337 1475 Ἑρμοῦ
359 1397 411 1460 καὶ
432 1386 626 1476 Ἀφροδίτης
656 1397 758 1472 γοναί.
817 1403 981 1460 Praeterea
1004 1403 1129 1460 aliorum
1150 1403 1228 1460 illius
1256 1402 1364 1460 aetatis

225 1502 409 1559 comicorum
430 1503 541 1559 similes
558 1501 727 1558 fabularum
749 1503 960 1578 inscriptiones
984 1511 1107 1560 exstant
1123 1499 1281 1576 (Meineke
1297 1502 1363 1559 hist.

221 1603 284 1662 crit.
306 1621 356 1678 pg.
381 1603 441 1662 278
465 1596 554 1678 sqq.).
609 1601 671 1659 Sed
702 1603 761 1660 hoc
794 1621 918 1678 quoque
949 1603 1011 1660 fieri
1033 1612 1148 1679 potest,
1185 1613 1217 1660 ut
1240 1621 1364 1678 operum

221 1703 493 1778 Palaephateorum
515 1704 724 1779 inscriptiones
747 1722 809 1760 non
834 1707 1004 1762 secundum
1026 1705 1091 1762 illas
1114 1705 1298 1763 comicorum
1322 1703 1364 1760 fa·

220 1803 308 1859 bulas
330 1803 430 1876 fictae,
465 1805 522 1860 sed
549 1805 591 1862 ad
620 1806 731 1860 eadem
753 1807 892 1879 exempla
914 1805 1095 1862 referendae
1119 1805 1197 1862 sint:
1230 1804 1365 1863 carmina

220 1903 291 1960 dico
314 1903 412 1977 epica,
436 1921 516 1980 quae
532 1925 550 1962 a
565 1906 689 1962 comicis
712 1906 922 1966 irridebantur.
953 1906 1003 1963 Ad
1018 1907 1099 1963 huuc
1122 1907 1363 1980 antiquissimum

222 2004 444 2080 Palaephatum
471 2007 652 2063 Athenionis
687 2008 794 2064 comici
828 2009 919 2065 verba
952 2008 1114 2066 referenda
1146 2008 1241 2066 videri
1275 2025 1365 2082 supra
1439 2015 1440 2020 ’

223 2105 287 2181 (pg.
311 2109 350 2166 46
375 2106 455 2184 sqq.)
481 2109 617 2183 exposui.
1439 2085 1440 2106 ί

318 2208 390 2266 Fuit
411 2209 510 2285 igitur,
543 2217 576 2266 ut
609 2210 740 2266 breviter
763 2211 945 2268 sententiam
967 2227 1068 2268 meam
1091 2209 1359 2286 comprehendam,

221 2305 446 2385 antiquissimus
477 2309 526 2366 ille
549 2309 754 2384 Palaephatus
778 2319 863 2368 vates
885 2319 916 2367 et
946 2320 1040 2386 poeta
1067 2312 1170 2386 epicus
1195 2309 1362 2386 fabulosuS,

223 2428 314 2485 quem
347 2411 430 2485 apud
463 2410 686 2484 Apollodorum
720 2411 940 2469 Atheniensem
971 2409 1009 2486 (c.
1034 2407 1254 2472 150-100'a.
1279 2405 1362 2486 Chr.)

220 2512 350 2585 primum
384 2521 655 2569 commemoratum
676 2514 842 2588 reperimus
865 2510 935 2592 (nisi
961 2515 1039 2572 forte
1062 2544 1103 2554 -—
1125 2514 1157 2570 id
1180 2514 1264 2588 quod
1287 2513 1361 2569 satis

219 2613 380 2670 verisimile
406 2621 453 2670 est
470 2612 703 2671 -Athenionis
727 2615 818 2671 verba
840 2616 1011 2690 antiquiora
1031 2608 1123 2691 sunt),
1147 2631 1237 2690 quem
1260 2619 1363 2669 autem

221 2715 281 2770 iam
303 2714 398 2770 multo
433 2723 504 2771 ante
535 2715 565 2770 in
588 2713 694 2771 fabulis
717 2715 826 2772 Atticis
856 2716 1011 2774 exstitisse
1033 2715 1282 2773 verisimillimum
1308 2722 1362 2772 est.

219 2814 357 2871 Statuam
379 2814 443 2871 eius
467 2813 682 2872 Christodorus
715 2812 849 2890 (Anthol.
874 2817 937 2877 Pal.
960 2818 996 2876 Η.
1021 2837 1047 2878 v.
1070 2818 1119 2876 36.
1141 2819 1195 2885 37;
1219 2817 1241 2875 Ι.
1265 2834 1312 2892 pg.
1326 2818 1364 2874 24

221 2909 359 2990 Dr'ibner)
382 2915 425 2971 sic
448 2915 593 2972 describit

369 3009 476 3093 δάφνῃ
500 3013 557 3090 μὲν
579 3016 761 3090 πλοκαμῑδα
783 3013 999 3094 Παλαίφατος
1020 3013 1138 3092 ἔπρεπε
1162 3013 1274 3094 μάντις

367 3112 583 3191 στεφόμενος,
607 3112 719 3177 δόκεεν
742 3116 777 3178 δὲ
800 3115 884 3193 χέειν
906 3115 1075 3194 μαντώδεα
1097 3112 1253 3195 φωνήνῑ).

319 3215 455 3291 Operum
485 3217 554 3274 huic
577 3218 766 3294 Palaephato
796 3221 977 3277 tributorum
1012 3221 1226 3294 inscriptiones
1258 3237 1366 3278 omnes

219 3317 439 3392 posterioribus
472 3319 659 3393 temporibus
694 3319 782 3378 fictae
816 3330 896 3380 sunt.
950 3321 1051 3380 Etiam
1072 3322 1112 3378 de
1135 3321 1364 3378 incredibilibus

218 3419 326 3475 librum
348 3426 380 3475 et
402 3417 515 3476 Troica
537 3419 606 3477 huic
629 3421 820 3495 Palaephato
833 3421 1014 3478 Atheniensi
1037 3441 1055 3479 a
1075 3422 1228 3480 nonnullis
1252 3423 1366 3479 tributa
1440 3411 1441 3436 ¹

221 3537 290 3577 esse
312 3539 331 3576 e
354 3519 468 3576 Suidae
490 3520 591 3576 verbis
613 3529 749 3596 apparet.
1440 3509 1441 3528 l

319 3703 382 3760 lam
404 3706 663 3780 transgrediamur
687 3709 727 3764 ad
750 3717 879 3774 ceteros,
911 3727 987 3784 quos
1010 3709 1120 3767 Suidas
1144 3708 1232 3766 affert
1256 3709 1366 3767 Palae-

218 3804 329 3879 phatos
352 3804 461 3876 (Festa
482 3824 532 3882 pg.
556 3810 597 3866 34
619 3825 700 3884 sqq.;
725 3809 819 3866 Flach
840 3811 858 3868 l.
883 3806 942 3886 c.):

318 3907 342 3964 Ι.
366 3901 582 3982 Παλαίφατος
599 3905 724 3984 Πάριος
745 3905 764 3982 ἢ
782 3906 954 3987 Πριηνεύς,
978 3907 1123 3986 γεγονὼς
1148 3907 1230 3972 κατὰ
1250 3907 1364 3987 Ἀρτα-

219 4003 339 4082 Ξέρξην.
376 4002 520 4069 ἀπίστων
545 4006 647 4086 βιβλία
679 4003 717 4070 ε’·
740 4009 825 4086 τινὲς
849 4010 884 4072 δὲ
912 4013 1014 4072 ταῦτα
1037 4007 1083 4087 εἰς
1110 4009 1168 4074 τὸν
1190 3999 1367 4087 Ἀθηναῖον

220 4102 438 4182 ἀναφέρουσι·
460 4107 543 4184 πλὴν
566 4108 617 4170 καὶ
639 4105 736 4185 οὗτος
759 4107 890 4188 ἔγραψε.

320 4262 344 4330 1)
364 4265 451 4317 Bothe
479 4269 558 4320 adh.
577 4269 596 4320 1.
625 4275 694 4319 recte
723 4270 849 4322 adnotat:
884 4270 1073 4320 Christodorus
1101 4273 1168 4321 vatis
1199 4278 1299 4322 statuae
1322 4277 1367 4320 aut

219 4359 314 4418 poetae
336 4353 446 4406 alicuius
471 4357 542 4407 lauro
563 4358 678 4408 coronati
696 4365 721 4408 et
739 4359 861 4424 anonymi
875 4359 1026 4425 Palaephati
1044 4375 1142 4411 nornen
1160 4362 1307 4412 coniectura
1324 4377 1366 4408 va-

218 4441 325 4492 nissima
347 4443 458 4496 dederit.
